@string{GEO     = "Geophysics"}
@string{TAOS     = "Terr. Atmos. Ocean. Sci."}
@string{JPO     = "J. Phys. Oceanogr."}
@string{JGR     = "J. Geophys. Res."}
@string{JGRO    = "J. Geophys. Res.-Oceans"}
@string{JC      = "J. Climate"} 
@string{INPRESS = "in press"}
@string{JAS     = "J. Atmos. Sci."}
@string{JMET    = "J. Meteor."}
@string{JMR     = "J. Mar. Res."}
@string{JCLIM   = "J. Climate"}
@string{JGR     = "J. Geophys. Res."}
@string{DSR     = "Deep-Sea Res."}
@string{DSRA    = "Deep Sea Research-Part A"}
@string{MWR     = "Mon. Wea. Rev."}
@string{sci     = "Science"}
@string{CD      = "Climate. Dyn."}
@string{NAT     = "Nature"}
@string{OC      = "Oceanography"}
@string{AO      = "Atmosphere-Ocean"}
@string{TEL     = "Tellus"}
@string{OA      = "Oceanologica Acta"}
@string{PIO     = "Progr. Oceanogr."}
@string{QJRMS   = "Quart. J. Roy. Meteor. Soc."}
@string{BAMS    = "Bull. Amer. Meteor. Soc."}
@string{RG      = "Rev. Geophys."}
@string{AG      = "Advances in Geophysics"}
@string{JMS     = "Journal of Marine Systems"}
@string{JCAM    = "Journal of Climate and Applied Meteorology"}
@string{JAM     = "J. Appl. Meteor."}
@string{JCY     = "J. Climatol."}
@string{IJC     = "Int. J. Climatol."}
@string{PO      = "Progress in Oceanography"}
@string{EOS     = "EOS, Trans. Americ. Geophys. Union"}
@string{OCE     = "Oceanology"}
@string{JFM     = "J. Fluid Mech."}
@string{GRL     = "Geophys. Res. Lett."}
@string{CCH     = "Climatic Change"}
@string{ACCP    = "ACCP Notes"}
@string{CB      = "Climatol. Bull."}
@string{GAFD    = "Geophys. Astrophys. Fluid Dyn."}
@string{DAO     = "Dyn. Atmos. Oceans"}
@string{MAP     = "Meteor. Atmos. Phys."}
@string{TGN     = "TOGA Notes"}
@string{WAF      = "Wea. Forecasting"}
@string{IJRS    = "Int. J. Remote Sensing"}
@string{JSIAM   = "J. Soc. Indust. Appl. Math."}
@string{CTAP    = "Contrib. Atmos. Phys."}
@string{PC      = "Personal Communication"}
@string{REV     = "Raumfahrt e. V."}
@string{JMSJ    = "J. Meteor. Soc. Japan"}
@string{JCP     = "J. Comput. Phys."}
@string{BLM     = "Boundary Layer Meteorology"}
@string{MZ      = "Met. Z."}
@string{SP      = "Sci. Prog."}
@string{PCOM    = "Parallel Comput."}
@string{JMP     = "J. Meteor. Phys."}
@string{CLC     = "Climatic Change"}
@string{RGSP    = "Rev. Geophys. Space Phys."}
@string{JMSJ    = "J. Meteor. Soc. Japan"}
@string{JAOT    = "J. Atmos. Oceanic Technol."}
@string{SIAM    = "Siam J. On Numer. Anal."}
@string{CLD     = "Clim. Dyn."}
@string{AMSI    = "Acta Meteor. Sin."}
@string{PNAS    = "Proc. Nat. Acad. Sci."}
@string{ATMS    = "Atmosfera"}
@string{ACPD    = "Atm. Chem. \& Phys."}
@string{JAMES    = "J. Adv. Model. Earth Syst."}



@Article{AG00,
  author = 	 {Avila, L. A. and J. L. Guiney},
  title = 	 {Eastern North Pacific Hurricane Season of 1998},
  journal = 	 MWR,
  year = 	 {2000},
  OPTkey = 	 {},
  volume = 	 {128},
  OPTnumber = 	 {},
  pages = 	 {2990-3000},
  OPTmonth = 	 {},
  OPTnote = 	 {},
  OPTannote = 	 {}
}


@ARTICLE{AH97,
   author = {{Ambrizzi}, T. and {Hoskins}, B.~J.},
    title = "{Stationary Rossby-wave propagation in a baroclinic atmosphere}",
  journal = QJRMS,
     year = 1997,
    month = apr,
   volume = 123,
    pages = {919-928},
}

@ARTICLE{AM2003,
   author = {{Aiyyer}, A.~R. and {Molinari}, J.},
    title = "{Evolution of Mixed Rossby Gravity Waves in Idealized MJO Environments.}",
  journal = JAS,
     year = 2003,
    month = dec,
   volume = 60,
    pages = {2837-2855},
}

@ARTICLE{M87,
   author = {{Melander}, M.~V. and {McWilliams}, J.~C. and {Zabusky}, N.~J.
	},
    title = "{Axisymmetrization and vorticity-gradient intensification of an isolated two-dimensional vortex through filamentation}",
  journal = {Journal of Fluid Mechanics},
     year = 1987,
   volume = 178,
    pages = {137-159},
      doi = {10.1017/S0022112087001150},
   adsurl = {http://adsabs.harvard.edu/abs/1987JFM...178..137M},
  adsnote = {Provided by the SAO/NASA Astrophysics Data System}
}

@ARTICLE{ABA07,
   author = {{Atallah}, E. and {Bosart}, L.~F. and {Aiyyer}, A.~R.},
    title = "{Precipitation Distribution Associated with Landfalling Tropical Cyclones over the Eastern United States}",
  journal = MWR,
     year = 2007,
   volume = 135,
    pages = {2185-+},
      doi = {10.1175/MWR3382.1},
   adsurl = {http://adsabs.harvard.edu/abs/2007MWRv..135.2185A},
  adsnote = {Provided by the SAO/NASA Astrophysics Data System}
}


@ARTICLE{TKS10,
   author = {{Tsai}, Y.-M. and {Kuo}, H.-C. and {Schubert}, W.~H.},
    title = "{Filamentation Time Diagnosis of Thinning Troughs and Cutoff Lows}",
  journal = MWR,
     year = 2010,
    month = jun,
   volume = 138,
    pages = {2327-2335},
      doi = {10.1175/2010MWR3102.1},
   adsurl = {http://adsabs.harvard.edu/abs/2010MWRv..138.2327T},
  adsnote = {Provided by the SAO/NASA Astrophysics Data System}
}

@ARTICLE{RSM06,
   author = {{Rozoff}, C.~M. and {Schubert}, W.~H. and {McNoldy}, B.~D. and 
	{Kossin}, J.~P.},
    title = "{Rapid Filamentation Zones in Intense Tropical Cyclones.}",
  journal = JAS,
     year = 2006,
    month = jan,
   volume = 63,
    pages = {325-340},
      doi = {10.1175/JAS3595.1},
   adsurl = {http://adsabs.harvard.edu/abs/2006JAtS...63..325R},
  adsnote = {Provided by the SAO/NASA Astrophysics Data System}
}




@ARTICLE{WMD10,
   author = {{Wang}, Z. and {Montgomery}, M.~T. and {Dunkerton}, T.~J.},
    title = "{Genesis of Pre-Hurricane Felix (2007). Part I: The Role of the Easterly Wave Critical Layer}",
  journal = JAS,
     year = 2010,
    month = jun,
   volume = 67,
    pages = {1711-1729},
      doi = {10.1175/2009JAS3420.1},
   adsurl = {http://adsabs.harvard.edu/abs/2010JAtS...67.1711W},
  adsnote = {Provided by the SAO/NASA Astrophysics Data System}
}


@ARTICLE{AM2008,
   author = {{Aiyyer}, A.~R. and {Molinari}, J.},
    title = "{The Madden Julian Oscillation and tropical cyclogenesis in the Gulf of Mexico
    and eastern Pacific}",
  journal = {in press},
     year = 2008,
}

@ARTICLE{MW08,
   author = {{Magnusdottir}, G. and {Wang}, C.-C.},
    title = "{Intertropical Convergence Zones during the Active Season in Daily Data}",
  journal = JAS,
     year = 2008,
   volume = 65,
    pages = {2425-+},
      doi = {10.1175/2007JAS2518.1},
}


@ARTICLE{Retal77,
   author = {{Reed}, R.~J. and {Norquist}, D.~C. and {Recker}, E.~E.},
    title = "{The Structure and Properties of African Wave Disturbances as Observed During Phase III of GATE}",
  journal = MWR,
     year = 1977,
   volume = 105,
    pages = {317-333},
      doi = {10.1175/1520-0493(1977)105<0317:TSAPOA>2.0.CO;2},
   adsurl = {http://adsabs.harvard.edu/abs/1977MWRv..105..317R},
  adsnote = {Provided by the SAO/NASA Astrophysics Data System}
}

@ARTICLE{BL05,
   author = {{Brennan}, M.~J. and {Lackmann}, G.~M.},
    title = "{The Influence of Incipient Latent Heat Release on the Precipitation Distribution of the 24 25 January 2000 U.S. East Coast Cyclone}",
  journal = MWR,
     year = 2005,
   volume = 133,
    pages = {1913-+},
      doi = {10.1175/MWR2959.1},
   adsurl = {http://adsabs.harvard.edu/abs/2005MWRv..133.1913B},
  adsnote = {Provided by the SAO/NASA Astrophysics Data System}
}


@ARTICLE{KDLZ09,
   author = {{Kieu}, C.~Q. and {Zhang}, D.-L.},
    title = "{Genesis of Tropical Storm Eugene (2005) from Merging Vortices Associated with ITCZ Breakdowns. Part II: Roles of Vortex Merger and Ambient Potential Vorticity}",
  journal = JAS,
     year = 2009,
    month = jul,
   volume = 66,
    pages = {1980-1996},
      doi = {10.1175/2008JAS2905.1},
   adsurl = {http://adsabs.harvard.edu/abs/2009JAtS...66.1980K},
  adsnote = {Provided by the SAO/NASA Astrophysics Data System}
}

@ARTICLE{HAB07,
   author = {{Huffman}, G.~J. and {Adler}, R.~F. and {Bolvin}, D.~T. and 
	{Gu}, G. and {Nelkin}, E.~J. and {Bowman}, K.~P. and {Hong}, Y. and 
	{Stocker}, E.~F. and {Wolff}, D.~B.},
    title = "{The TRMM Multisatellite Precipitation Analysis (TMPA): Quasi-Global, Multiyear, Combined-Sensor Precipitation Estimates at Fine Scales}",
  journal = {Journal of Hydrometeorology},
     year = 2007,
   volume = 8,
    pages = {38-+},
      doi = {10.1175/JHM560.1},
   adsurl = {http://adsabs.harvard.edu/abs/2007JHyMe...8...38H},
  adsnote = {Provided by the SAO/NASA Astrophysics Data System}
}



@ARTICLE{KKL10,
   author = {{Knapp}, K.~R. and {Kruk}, M.~C. and {Levinson}, D.~H. and {Diamond}, H.~J. and 
	{Neumann}, C.~J.},
    title = "{The International Best Track Archive for Climate Stewardship (IBTrACS)}",
  journal = {Bulletin of the American Meteorological Society},
     year = 2010,
    month = mar,
   volume = 91,
    pages = {363-376},
      doi = {10.1175/2009BAMS2755.1},
   adsurl = {http://adsabs.harvard.edu/abs/2010BAMS...91..363K},
  adsnote = {Provided by the SAO/NASA Astrophysics Data System}
}


@ARTICLE{SPZ10,
   author = {{Snyder}, A.~D. and {Pu}, Z. and {Zhu}, Y.},
    title = "{Tracking and Verification of East Atlantic Tropical Cyclone Genesis in the NCEP Global Ensemble: Case Studies during the NASA African Monsoon Multidisciplinary Analyses}",
  journal = {Weather and Forecasting},
     year = 2010,
    month = oct,
   volume = 25,
    pages = {1397-1411},
      doi = {10.1175/2010WAF2222332.1},
   adsurl = {http://adsabs.harvard.edu/abs/2010WtFor..25.1397S},
  adsnote = {Provided by the SAO/NASA Astrophysics Data System}
}

@ARTICLE{MLMW10,
   author = {{Montgomery}, M.~T. and {Lussier}, III, L.~L. and {Moore}, R.~W. and 
	{Wang}, Z.},
    title = "{The genesis of Typhoon Nuri as observed during the Tropical Cyclone Structure 2008 (TCS-08) field experiment - Part 1: The role of the easterly wave critical layer}",
  journal = {Atmospheric Chemistry \& Physics},
     year = 2010,
    month = oct,
   volume = 10,
    pages = {9879-9900},
      doi = {10.5194/acp-10-9879-2010},
   adsurl = {http://adsabs.harvard.edu/abs/2010ACP....10.9879M},
  adsnote = {Provided by the SAO/NASA Astrophysics Data System}
}



@Article{AR80,
  author = 	 {Albignat, J. P. and R. J. Reed},
  title = 	 {The origin of African wave disturbances during phase III of GATE.},
  journal = 	 MWR,
  year = 	 {1980},
  OPTkey = 	 {},
  volume = 	 {108},
  OPTnumber = 	 {},
  pages = 	 {1827-1839},
  OPTmonth = 	 {},
  OPTnote = 	 {},
  OPTannote = 	 {}
}

@ARTICLE{DB01,
   author = {{Davis}, C.~A. and {Bosart}, L.~F.},
    title = "{Numerical Simulations of the Genesis of Hurricane Diana (1984). Part I: Control Simulation}",
  journal = MWR,
     year = 2001,
   volume = 129,
    pages = {1859-+},
      doi = {10.1175/1520-0493(2001)129<1859:NSOTGO>2.0.CO;2},
   adsurl = {http://adsabs.harvard.edu/abs/2001MWRv..129.1859D},
  adsnote = {Provided by the SAO/NASA Astrophysics Data System}
}



@ARTICLE{BB00,
   author = {{Bracken}, W.~E. and {Bosart}, L.~F.},
    title = "{The Role of Synoptic-Scale Flow during Tropical Cyclogenesis over the North Atlantic Ocean}",
  journal = MWR,
     year = 2000,
   volume = 128,
    pages = {353-+},
      doi = {10.1175/1520-0493(2000)128<0353:TROSSF>2.0.CO;2},
   adsurl = {http://adsabs.harvard.edu/abs/2000MWRv..128..353B},
  adsnote = {Provided by the SAO/NASA Astrophysics Data System}
}

@ARTICLE{MB08,
   author = {{McTaggart-Cowan}, R. and {Deane}, G.~D. and {Bosart}, L.~F. and 
	{Davis}, C.~A. and {Galarneau}, T.~J.},
    title = "{Climatology of Tropical Cyclogenesis in the North Atlantic (1948 2004)}",
  journal = MWR,
     year = 2008,
   volume = 136,
    pages = {1284-+},
      doi = {10.1175/2007MWR2245.1},
   adsurl = {http://adsabs.harvard.edu/abs/2008MWRv..136.1284M},
  adsnote = {Provided by the SAO/NASA Astrophysics Data System}
}



@ARTICLE{AS2000,
   author = {{Andronova}, N.~G. and {Schlesinger}, M.~E.},
    title = "{Causes of global temperature changes during the 19th and 20th centuries}",
  journal = GRL,
     year = 2000,
    month = jul,
   volume = 27,
      doi = {10.1029/2000GL006109},
}


@ARTICLE{WL08,
   author = {{Wang}, C. and {Lee}, S.~K.},
    title = "{Global warming and United States landfalling hurricanes}",
  journal = GRL,
     year = 2008,
   volume = 35,
      doi = {0.1029/2007GL032396},
  pages = {L02708},

}


@ARTICLE{VS07,
   author = {{Vecchi}, G.~A. and {Soden}, B.~J.},
    title = "{Increased tropical Atlantic wind shear in model projections of global warming}",
  journal = GRL,
     year = 2007,
   volume = 34,
      doi = {10.1029/2006GL028905},
  pages = {L08702},

}



@Article{AT06,
  author =       {Aiyyer, A. R. and C. Thorncroft},
  title =        {A climatology of vertical shear within the tropical Atlantic},
  journal =      JCLIM,
  year =         {2006},
  volume = 19,
  pages = {2069-2983},
}

@Article{B72,
  author = 	 {Burpee, R. W.},
  title = 	 {The origin and structure of easterly waves in the lower troposphere of North Africa.},
  journal = 	 JAS,
  year = 	 {1972},
  OPTkey = 	 {},
  volume = 	 {29},
  OPTnumber = 	 {},
  pages = 	 {77-90},
  OPTmonth = 	 {},
  OPTnote = 	 {},
  OPTannote = 	 {}
}

@Article{B95,
  author = 	 {Boer, G. J.},
  title = 	 {Analyzed and Forecast Large-Scale Tropical
                  Divergent Flow.},
  journal = 	 MWR,
  year = 	 {1995},
  OPTkey = 	 {},
  volume = 	 {123},
  OPTnumber = 	 {},
  pages = 	 {3539-3553},
  OPTmonth = 	 {},
  OPTnote = 	 {},
  OPTannote = 	 {}
}

@Article{BB89,
  author = 	 {Bell, J. and L. F. Bosart},
  title = 	 {A 15-Year Climatology of Northern Hemisphere 500 mb Closed Cyclone and Anticyclone Centers.},
  journal = 	 MWR,
  year = 	 {1989},
  OPTkey = 	 {},
  volume = 	 {117},
  OPTnumber = 	 {},
  pages = 	 {2142-2164},
  OPTmonth = 	 {},
  OPTnote = 	 {},
  OPTannote = 	 {}
}

@Article{BB91,
  author = 	 {Bosart, L. F. and J. A. Bartlo},
  title = 	 {Tropical Storm Formation in a Baroclinic Environment},
  journal = 	 MWR,
  year = 	 {1991},
  OPTkey = 	 {},
  volume = 	 {119},
  OPTnumber = 	 {},
  pages = 	 {1979-2013},
  OPTmonth = 	 {},
  OPTnote = 	 {},
  OPTannote = 	 {}
}

@Article{BC06,
  author =       {Bell, G. D. and M. Chelliah},
  title =        {Leading tropical modes associated with interannual and multi-decadal fluctuations in North 
                  Atlantic hurricane activity},
  journal =      JCLIM,
  year =         {2006},
  OPTkey =       {},
  volume =       {19},
  OPTnumber =    {},
  pages =        {590-612},
  OPTmonth =     {},
  OPTnote =      {},
  OPTannote =    {}
}

@Article{Bell2000,
   author = {{Bell}, G.~D. and {Halpert}, M.~S. and {Schnell}, R.~C. and 
	{Higgins}, R.~W. and {Lawrimore}, J. and {Kousky}, V.~E. and 
	{Tinker}, R. and {Thiaw}, W. and {Chelliah}, M. and {Artusa}, A.
	},
    title = "{Climate Assessment for 1999.}",
  journal = {Bulletin of the American Meteorological Society, vol.~81, Issue 6, pp.1328-1328},
     year = 2000,
    month = jun,
   volume = 81,
    pages = {1328-1328},
}





@Article{C69,
  author = 	 {Carlson, T. N.},
  title = 	 {Some remarks on African disturbances and
their progress over the tropical Atlantic},
  journal = 	 MWR,
  year = 	 {1969},
  OPTkey = 	 {},
  volume = 	 {97},
  OPTnumber = 	 {},
  pages = 	 {716-726},
  OPTmonth = 	 {},
  OPTnote = 	 {},
  OPTannote = 	 {}
}

@Article{CB04,
  author =       {Chelliah, M. and G. D. Bell},
  title =        {Tropical multidecadal and interannual climate variability},
  journal =      JCLIM,
  year =         {2004},
  OPTkey =       {},
  volume =       {17},
  OPTnumber =    {},
  pages =        {1777-1803},
  OPTmonth =     {},
  OPTnote =      {},
  OPTannote =    {}
}


@ARTICLE{CC99,
   author = {Chu, P-S and J. D. Clark},
    title = {Decadal variations of tropical cyclone activity over central North Pacific},
  journal = BAMS,
     year = 1999,
   volume = 80,
    pages = {1875-1881},
}


@ARTICLE{PC1972,
       author = {{Carlson}, Toby N. and {Prospero}, Joseph M.},
        title = "{The Large-Scale Movement of Saharan Air Outbreaks over the Northern Equatorial Atlantic.}",
      journal = {Journal of Applied Meteorology},
         year = "1972",
        month = "Mar",
       volume = {11},
       number = {2},
        pages = {283-297},
          doi = {10.1175/1520-0450(1972)011<0283:TLSMOS>2.0.CO;2},
}


@Article{CL96,
  author =       {Clark, S. J. and A. Lebedev },
  title =        {Long-term changes in the equatorial Pacific trade winds},
  journal =      JCLIM,
  year =         {1996},
  OPTkey =       {},
  volume =       {9},
  OPTnumber =    {},
  pages =        {1020-1029},
  OPTmonth =     {},
  OPTnote =      {},
  OPTannote =    {}
}

@Article{Higgins2000,
  author =       {Higgins, R. W. and A. Leetmaa and Y. Xue and A. Barnston},
  title =        {Dominant factors influencing the seasonal predictability of U.S. precipitation and surface air temperature.},
  journal =      JCLIM,
  year =         {2000},
  OPTkey =       {},
  volume =       {13},
  OPTnumber =    {},
  pages =        {3994-4017},
  OPTmonth =     {},
  OPTnote =      {},
  OPTannote =    {}
}

@Article{CM02,
  author = 	 {Corbosiero, K. L. and J. Molinari},
  title = 	 {The effects of vertical wind shear on the distribution of convection 
                  in tropical cyclones},
  journal = 	 MWR,
  year = 	 {2002},
  OPTkey = 	 {},
  volume = 	 {130},
  OPTnumber = 	 {},
  pages = 	 {2110-2123},
  OPTmonth = 	 {},
  OPTnote = 	 {},
  OPTannote = 	 {}
}

@ARTICLE{CR2002,
   author = {Chia, H. H. and C. F. Ropelewski},
    title = "{ The Interannual Variability in the Genesis Location of Tropical Cyclones in the Northwest Pacific}",
  journal = JCLIM,
     year = 2002,
   volume = 15,
    pages = {2934-2944},
}

@ARTICLE{CS2005,
   author = {Camargo, S. J. and A. H. Sobel},
    title = "{Western north Pacific tropical cyclone intensity and ENSO}",
  journal = JCLIM,
     year = 2005,
   volume = 18,
    pages = {2996-3006},
}

@ARTICLE{CS96,
   author = {Chan, J. C. L. and Shi, J. E.},
    title = "{Long-term trends and interannual variability in tropical cyclone activity over the western North Pacific}",
  journal = GRL,
     year = 1996,
   volume = 23,
    pages = {2765-2767},
}


@ARTICLE{CSL98,
   author = {Chan, J. C. L., Shi, J. E., Lam, C.},
    title = "{Seasonal Forecasting of Tropical Cyclone Activity over the Western North Pacific and the South China Sea}",
  journal = WAF,
     year = 1998,
   volume = 13,
    pages = {997-1004},
}

@ARTICLE{CW97,
   author = {Chu, P-S and J. Wang},
    title = {Tropical cyclone occurrences in the vicinity of hawaii: Are the Differences between 
             El {\Nino} and Non-El {\Nino} Years Significant?},
  journal = JCLIM,
     year = 1997,
   volume = 10,
    pages = {2683-2689},
}


@ARTICLE{Chu2007,
   author = {Chu, P.-S. and X.~Zhao and C.-T. Lee and M.-Lu},
    title = {Climate prediction of tropical cyclone activity in the vicinity of Taiwan using the multivariate least absolute deviation regression method},
  journal = TAOS,
     year = 2007,
   volume = 18,
    pages = {805-825},
}



@ARTICLE{Chan85,
   author = {Chan, J. C. L.},
    title = "{Tropical cyclone activity in the northwest Pacific in relation to the 
              El-{\Nino}/Southern Oscillation phenomenon}",
  journal = MWR,
     year = 1985,
   volume = 113,
    pages = {599-606},
}

@Article{Chang96,
  author = 	 {Chang, C.-P. and J. M. Chen and P. A. Harr and L. E. Carr},
  title = 	 {Northwestward propagating wave patterns over the tropical western
                  North Pacific during summer.},
  journal = 	 MWR,
  year = 	 {1996},
  OPTkey = 	 {},
  volume = 	 {114},
  OPTnumber = 	 {},
  pages = 	 {2245-2266},
  OPTmonth = 	 {},
  OPTnote = 	 {},
  OPTannote = 	 {}
}


@ARTICLE{Chu02,
   author = {Chu, P-S},
    title = {Large-Scale circulation features associated with decadal variations of tropical
cyclone activity over the central North Pacific},
  journal = JCLIM,
     year = 2002,
   volume = 15,
    pages = {2678-2689},
}




@Article{D79,
  author = 	 {Duchon, C. E.},
  title = 	 {Lanczos Filtering in One and Two Dimensions},
  journal = 	 JAM,
  year = 	 {1979},
  OPTkey = 	 {},
  volume = 	 {18},
  OPTnumber = 	 {},
  pages = 	 {1016-1022},
  OPTmonth = 	 {},
  OPTnote = 	 {},
  OPTannote = 	 {}
}

@ARTICLE{DLTHJ04,
   author = {{Dai}, A. and {Lamb}, P.~J. and {Trenberth}, K.~E. and {Hulme}, M. and 
	{Jones}, P.~D. and {Xie}, P.},
    title = "{The recent Sahel drought is real}",
  journal = IJC,
     year = 2004,
    month = sep,
   volume = 24,
    pages = {1323-1331},
}

@ARTICLE{HMKD01,
   author = {{Hanley}, D. and {Molinari}, J. and {Keyser}, D.},
    title = "{A Composite Study of the Interactions between Tropical Cyclones and Upper-Tropospheric Troughs}",
  journal = MWR,
     year = 2001,
   volume = 129,
    pages = {2570-+},
      doi = {10.1175/1520-0493(2001)129<2570:ACSOTI>2.0.CO;2},
   adsurl = {http://adsabs.harvard.edu/abs/2001MWRv..129.2570H},
  adsnote = {Provided by the SAO/NASA Astrophysics Data System}
}


@ARTICLE{DBK93,
   author = {{Demaria}, M. and {Baik}, {J.-J.} and {Kaplan}, J.},
    title = "{Upper-Level Eddy Angular Momentum Fluxes and Tropical Cyclone Intensity Change.}",
  journal = JAS,
     year = 1993,
    month = apr,
   volume = 50,
    pages = {1133-1147},
      doi = {10.1175/1520-0469(1993)050<1133:ULEAMF>2.0.CO;2},
   adsurl = {http://adsabs.harvard.edu/abs/1993JAtS...50.1133D},
  adsnote = {Provided by the SAO/NASA Astrophysics Data System}
}



@Article{DM1996,
  author =       {DeMaria, M.},
  title =        {The effect of vertical shear on tropical cyclone intensity change},
  journal =      JAS,
  year =         {1996},
  OPTkey =       {},
  volume =       {53},
  OPTnumber =    {},
  pages =        {2076-2087},
  OPTmonth =     {},
  OPTnote =      {},
  OPTannote =    {}
}

@ARTICLE{DM2000,
   author = {{Delworth}, T.~L. and {Mann}, M.~E.},
    title = "{Observed and simulated multidecadal variability in the Northern Hemisphere}",
  journal = CLD,
     year = 2000,
   volume = 16,
    pages = {661-676},
}

@Article{DM2001,
  author =       {DeMaria, M. and J. A. Knaff and B. H. Connell},
  title =        {A tropical cyclone genesis parameter for the tropical Atlantic},
  journal =      WAF,
  year =         {2001},
  OPTkey =       {},
  volume =       {53},
  OPTnumber =    {},
  pages =        {213-233},
  OPTmonth =     {},
  OPTnote =      {},
  OPTannote =    {}
}


@ARTICLE{DM2002,
   author = {{Dickinson}, M. and {Molinari}, J.},
    title = "{Mixed Rossby-Gravity Waves and Western Pacific Tropical Cyclogenesis. Part I: Synoptic Evolution.}",
  journal = JAS,
     year = 2002,
    month = jul,
   volume = 59,
    pages = {2183-2196},
}

@Article{EKO99,
  author =       {Elsner, J. B. and A. B. Kara and M. A. Owens},
  title =        {Fluctuations in North Atlantic hurricane frequency.},
  journal =      JCLIM,
  year =         {1999},
  OPTkey =       {},
  volume =       {12},
  OPTnumber =    {},
  pages =        {427-437},
  OPTmonth =     {},
  OPTnote =      {},
  OPTannote =    {}
}

@ARTICLE{EM99,
   author = {{Enfield}, D.~B. and {Mestas-Nu{\~n}ez}, A.~M.},
    title = "{Multiscale Variabilities in Global Sea Surface Temperatures and Their Relationships with Tropospheric Climate Patterns.}",
  journal = JCLIM,
     year = 1999,
    month = sep,
   volume = 12,
    pages = {2719-2733},
}

@Article{Elsb96,
  author =       {Elsberry, R. L. and R. A. Jeffries },
  title =        {Vertical wind shear influences on tropical cyclone formation and 
                  intensification during TCM-92 and TCM-9s},
  journal =      MWR,
  year =         {1996},
  OPTkey =       {},
  volume =       {124},
  OPTnumber =    {},
  pages =        {1374-1387},
  OPTmonth =     {},
  OPTnote =      {},
  OPTannote =    {}
}

@Article{Elsner00,
  author =       {Elsner, J. B. and T. Jagger and X. F. Niu},
  title =        {Changes in the rates of North Atlantic major hurricane activity during the
                  20$^{th}$ century.},
  journal =      GRL,
  year =         {2000},
  OPTkey =       {},
  volume =       {27},
  OPTnumber =    {},
  pages =        {1743-1750},
  OPTmonth =     {},
  OPTnote =      {},
  OPTannote =    {}
}

@ARTICLE{Emanuel05,
   author = {Emanuel, K.},
    title = "{Increasing destructiveness of tropical cyclones over the past 30 years}",
  journal = NAT,
     year = 2005,
   volume = 436,
    pages = {686-688},
}

@Article{Emanuel86,
  author =       {Emanuel, K.},
  title =        {An air-sea interaction theorey for tropical cyclones},
  journal =      JAS,
  year =         {1986},
  OPTkey =       {},
  volume =       {45},
  OPTnumber =    {},
  pages =        {585-604},
  OPTmonth =     {},
  OPTnote =      {},
  OPTannote =    {}
}

@Article{FR1999,
  author =       {Frank, W. M. and E. A. Ritchie},
  title =        {Effects of environmental flow upon tropical cyclone structure},
  journal =      MWR,
  year =         {1999},
  OPTkey =       {},
  volume =       {127},
  OPTnumber =    {},
  pages =        {2044-2061},
  OPTmonth =     {},
  OPTnote =      {},
  OPTannote =    {}
}

@Article{FR2001,
  author =       {Frank, W. M. and E. A. Ritchie},
  title =        {Effects of vertical wind shear on the intensity and structure 
                  of numerically simulated hurricane},
  journal =      MWR,
  year =         {2001},
  OPTkey =       {},
  volume =       {129},
  OPTnumber =    {},
  pages =        {2249-2269},
  OPTmonth =     {},
  OPTnote =      {},
  OPTannote =    {}
}


@ARTICLE{FS97,
   author = {Ferreira, N. R. and W. H. Schubert},
    title = "{Barotropic aspects of ITCZ breakdown}",
  journal = JAS,
     year = 1997,
   volume = 54,
    pages = {261-285},
}


@ARTICLE{GS93,
   author = {{Guinn}, T.~A. and {Schubert}, W.~H.},
    title = "{Hurricane Spiral Bands.}",
  journal = JAS,
     year = 1993,
    month = oct,
   volume = 50,
    pages = {3380-3403},
      doi = {10.1175/1520-0469(1993)050<3380:HSB>2.0.CO;2},
}

@Article{Folland86,
  author =       {Folland, C. K. and T. N. Palner and D. E. Parker},
  title =        {Sahel rainfall and worldwide sea temperatures},
  journal =      NAT,
  year =         {1986},
  OPTkey =       {},
  volume =       {320},
  OPTnumber =    {},
  pages =        {602-607},
  OPTmonth =     {},
  OPTnote =      {},
  OPTannote =    {}
}


@ARTICLE{GC99,
   author = {{Giese}, B.~S. and {Carton}, J.~A.},
    title = "{Interannual and Decadal Variability in the Tropical and Midlatitude Pacific Ocean.}",
  journal = JCLIM,
     year = 1999,
    month = dec,
   volume = 12,
    pages = {3402-3418},
}



@Article{GK84,
  author =       {Gruber, A. and F. Krueger},
  title =        {The status of the NOAA outgoing longwave radiation data set.},
  journal =      BAMS,
  year =         {1984},
  OPTkey =       {},
  volume =       {65},
  OPTnumber =    {},
  pages =        {958-962},
  OPTmonth =     {},
  OPTnote =      {},
  OPTannote =    {}
}

@Article{G98,
  author =       {Gray, W. M.},
  title =        {The formation of tropical cyclones.},
  journal =      MAP,
  year =         {1998},
  OPTkey =       {},
  volume =       {67},
  OPTnumber =    {},
  pages =        {37-69},
  OPTmonth =     {},
  OPTnote =      {},
  OPTannote =    {}
}


@Article{GS96,
  author =       {Goldenberg, S. B. and L. J. Shapiro},
  title =        {Physical mechanisms for the association of El {\Nino} 
                  and West African rainfall with Atlantic major hurricane activity},
  journal =      JCLIM,
  year =         {1996},
  OPTkey =       {},
  volume =       {9},
  OPTnumber =    {},
  pages =        {1169-1187},
  OPTmonth =     {},
  OPTnote =      {},
  OPTannote =    {}
}

@Article{Getal01,
  author =       {Goldenberg, S. B and C. W. Landsea and A. M. Mestas-Nu{\~n}ez and W. M. Gray},
  title =        {The recent increase in Atlantic hurricane activity: Causes and implications},
  journal =      sci,
  year =         {2001},
  OPTkey =       {},
  volume =       {293},
  OPTnumber =    {},
  pages =        {474-479},
  OPTmonth =     {},
  OPTnote =      {},
  OPTannote =    {}
}

@ARTICLE{Setal97,
   author = {{Simpson}, J. and {Ritchie}, E. and {Holland}, G.~J. and {Halverson}, J. and 
	{Stewart}, S.},
    title = "{Mesoscale Interactions in Tropical Cyclone Genesis}",
  journal = MWR,
     year = 1997,
   volume = 125,
    pages = {2643-+},
      doi = {10.1175/1520-0493(1997)125<2643:MIITCG>2.0.CO;2},
   adsurl = {http://adsabs.harvard.edu/abs/1997MWRv..125.2643S},
  adsnote = {Provided by the SAO/NASA Astrophysics Data System}
}



@ARTICLE{BE97,
   author = {{Bister}, M. and {Emanuel}, K.~A.},
    title = "{The Genesis of Hurricane Guillermo: TEXMEX Analyses and a Modeling Study}",
  journal = MWR,
     year = 1997,
   volume = 125,
    pages = {2662-+},
      doi = {10.1175/1520-0493(1997)125<2662:TGOHGT>2.0.CO;2},
   adsurl = {http://adsabs.harvard.edu/abs/1997MWRv..125.2662B},
  adsnote = {Provided by the SAO/NASA Astrophysics Data System}
}



@ARTICLE{Gill80,
   author = {{Gill}, A.~E.},
    title = "{Some simple solutions for heat-induced tropical circulation}",
  journal = QJRMS,
     year = 1980,
    month = jul,
   volume = 106,
    pages = {447-462},
}

@Article{Goerss98,
  author =       {Goerss, J. S. and C. S. Velden and J. D. Hawkins },
  title =        {The impact of multispectral GOES-8 wind information on Atlantic tropical cyclone tr
ack forecasts in 1995.  Part II: NOGAPS forecasts},
  journal =      MWR,
  year =         {1998},
  OPTkey =       {},
  volume =       {126},
  OPTnumber =    {},
  pages =        {1219-1227},
  OPTmonth =     {},
  OPTnote =      {},
  OPTannote =    {}
}

@Article{Gray68,
  author =       {Gray, W. M.},
  title =        {Global view of the origin of tropical disturbances and storms},
  journal =      MWR,
  year =         {1968},
  OPTkey =       {},
  volume =       {96},
  OPTnumber =    {},
  pages =        {669-700},
  OPTmonth =     {},
  OPTnote =      {},
  OPTannote =    {}
}


@Article{Gray84a,
  author =       {Gray, W. M.},
  title =        {Atlantic seasonal hurricane frequency. Part I: El {\Nino} 
                  and 30 mb quasi-biennial oscillation influences},                  
  journal =      MWR,
  year =         {1984},
  OPTkey =       {},
  volume =       {112},
  OPTnumber =    {},
  pages =        {1649-1668},
  OPTmonth =     {},
  OPTnote =      {},
  OPTannote =    {}
}

@Article{Gray84b,
  author =       {Gray, W. M.},
  title =        {Atlantic seasonal hurricane frequency. Part II: Forecasting its variability},
  journal =      MWR,
  year =         {1984},
  OPTkey =       {},
  volume =       {112},
  OPTnumber =    {},
  pages =        {1669-1683},
  OPTmonth =     {},
  OPTnote =      {},
  OPTannote =    {}
}

@Article{Grayetal92,
  author =       {Gray, W. M. and C. W. Landsea and P. W. Mielke and K. J. Berry},
  title =        {Predicting Atlantic seasonal hurricane activity 6-11 months in advance},
  journal =      WAF,
  year =         {1992},
  OPTkey =       {},
  volume =       {7},
  OPTnumber =    {},
  pages =        {440-455},
  OPTmonth =     {},
  OPTnote =      {},
  OPTannote =    {}
}


@Article{Grayetal93,
  author =       {Gray, W. M. and C. W. Landsea and P. W. Mielke and K. J. Berry},
  title =        {Predicting Atlantic basin seasonal tropical cyclone activity by 1 August},
  journal =      WAF,
  year =         {1993},
  OPTkey =       {},
  volume =       {8},
  OPTnumber =    {},
  pages =        {73-86},
  OPTmonth =     {},
  OPTnote =      {},
  OPTannote =    {}
}

@ARTICLE{HM84,
   author = {{Holland}, G.~J. and {Merrill}, R.~T.},
    title = "{On the dynamics of tropical cyclone structural changes}",
  journal = {Quarterly Journal of the Royal Meteorological Society},
     year = 1984,
    month = jul,
   volume = 110,
    pages = {723-745},
      doi = {10.1002/qj.49711046510},
   adsurl = {http://adsabs.harvard.edu/abs/1984QJRMS.110..723H},
  adsnote = {Provided by the SAO/NASA Astrophysics Data System}
}

@ARTICLE{M88,
   author = {{Merrill}, R.~T.},
    title = "{Characteristics of the Upper-Tropospheric Environmental Flow around Hurricanes.}",
  journal = JAS,
     year = 1988,
    month = jun,
   volume = 45,
    pages = {1665-1677},
      doi = {10.1175/1520-0469(1988)045<1665:COTUTE>2.0.CO;2},
   adsurl = {http://adsabs.harvard.edu/abs/1988JAtS...45.1665M},
  adsnote = {Provided by the SAO/NASA Astrophysics Data System}
}


@Article{H95,
  author = 	 {Holland, G. J.},
  title = 	 {Scale interaction in the Western Pacific monsoon},
  journal = 	 MAP,
  year = 	 {1995},
  OPTkey = 	 {},
  volume = 	 {56},
  OPTnumber = 	 {},
  pages = 	 {57-79},
  OPTmonth = 	 {},
  OPTnote = 	 {},
  OPTannote = 	 {}
}

@Article{HA93,
  author = 	 {Hoskins, B. and T. Ambrizzi},
  title = 	 {Rossby wave propagation on realistic longitudinal flows},
  journal = 	 JAS,
  year = 	 {1993},
  OPTkey = 	 {},
  volume = 	 {50},
  OPTnumber = 	 {},
  pages = 	 {1661-1671},
  OPTmonth = 	 {},
  OPTnote = 	 {},
  OPTannote = 	 {}
}

@Article{HCRY00,
  author = 	 {Hodges, K. I. and Chappell D. W. and Robison G. J. and G.-Y. Yang},
  title = 	 {An improved algorithm for generating global window brightness temperatures 
                  from multiple satellite infrared imagery},
  journal = 	 JAOT,
  year = 	 {2000},
  OPTkey = 	 {},
  volume = 	 {17},
  OPTnumber = 	 {},
  pages = 	 {1296-1313},
  OPTmonth = 	 {},
  OPTnote = 	 {},
  OPTannote = 	 {}
}

@ARTICLE{HHX01,
   author = {{Hoerling}, M.~P. and {Hurrell}, J.~W. and {Xu}, T.},
    title = "{Tropical Origins for Recent North Atlantic Climate Change}",
  journal = sci,
     year = 2001,
    month = apr,
   volume = 292,
    pages = {90-92},
      doi = {10.1126/science.1058582},
}

@ARTICLE{HK81,
   author = {{Hoskins}, B.~J. and {Karoly}, D.~J.},
    title = "{The Steady Linear Response of a Spherical Atmosphere to Thermal and Orographic Forcing.}",
  journal = JAS,
     year = 1981,
    month = jun,
   volume = 38,
    pages = {1179-1196},
}

@ARTICLE{HLG98,
   author = {{Hendon}, H.~H. and {Liebmann}, B. and {Glick}, J.~D.},
    title = "{Oceanic Kelvin Waves and the Madden-Julian Oscillation.}",
  journal = JAS,
     year = 1998,
    month = jan,
   volume = 55,
    pages = {88-101},
   adsurl = {http://adsabs.harvard.edu/cgi-bin/nph-bib_query?bibcode=1998JAtS...55...88H&db_key=PHY},
  adsnote = {Provided by the Smithsonian/NASA Astrophysics Data System}
}


@ARTICLE{HM01,
   author = {{Hartmann}, D.~L. and {Maloney}, E.~D.},
    title = "{The Madden-Julian oscillation, barotropic dynamics, and north Pacific 
             tropical cyclone formation. Part II: Stochastic barotropic modeling.}",
  journal = JAS,
     year = {2001},
   volume = 58,
    pages = {2559-2570},
}

@Article{HMK01,
  author = 	 {Hall, J. D. and A. J. Matthews and D. J. Karoly},
  title = 	 {The modulation of tropical cyclone activity in the 
                  Australian region by the Madden-Julian Oscillation},
  journal =      MWR,
  year = 	 2001,
  OPTkey = 	 {},
  volume = 	 {129},
  OPTnumber = 	 {},
  pages = 	 {2970-2982},
  OPTmonth = 	 {},
  OPTnote = 	 {},
  OPTannote = 	 {}
}

@ARTICLE{HS94,
   author = {{Hendon}, H.~H. and {Salby}, M.~L.},
    title = "{The Life Cycle of the Madden-Julian Oscillation.}",
  journal = JAS,
     year = 1994,
    month = aug,
   volume = 51,
    pages = {2225-2237},
   adsurl = {http://adsabs.harvard.edu/cgi-bin/nph-bib_query?bibcode=1994JAtS...51.2225H&db_key=PHY},
  adsnote = {Provided by the Smithsonian/NASA Astrophysics Data System}
}

@Article{Hanleyetal01,
  author =       {Hanley, D. and J. Molinari and D. Keyser},
  title =        {A composite study of the interactions between tropical cyclones 
                  and upper-tropospheric troughs},
  journal =      MWR,
  year =         {2001},
  OPTkey =       {},
  volume =       {129},
  OPTnumber =    {},
  pages =        {2570-2584},
  OPTmonth =     {},
  OPTnote =      {},
  OPTannote =    {}
}

@Article{HTHA07,
  author =       {Hopsch, S. and C. Thorncroft and K. Hodges and A. Aiyyer},
  title =        {West African storm tracks and their relationship with Atlantic
                  tropical cyclone activity.},
  journal =      JCLIM,
  year =         {2007},
  OPTkey =       {},
  volume =       {20},
  OPTnumber =    {},
  pages =        {2468-2483},
  OPTmonth =     {},
  OPTnote =      {},
  OPTannote =    {}
}





@ARTICLE{JH95,
   author = {{Jin}, F. and {Hoskins}, B.~J.},
    title = "{The Direct Response to Tropical Heating in a Baroclinic Atmosphere.}",
  journal = JAS,
     year = 1995,
    month = feb,
   volume = 52,
    pages = {307-319},
}

@Article{Janicot01,
  author =       {Janicot, S. and S. Trzaska and I. Poccard},
  title =        {Summer Sahel-ENSO teleconnection and decadal time scale SST variations},
  journal =      CD,
  year =         {2001},
  OPTkey =       {},
  volume =       {18},
  OPTnumber =    {},
  pages =        {303-320},
  OPTmonth =     {},
  OPTnote =      {},
  OPTannote =    {}
}

@ARTICLE{KAFVM05,
   author = {{Knight}, J.~R. and {Allan}, R.~J. and {Folland}, C.~K. and 
	{Vellinga}, M. and {Mann}, M.~E.},
    title = "{A signature of persistent natural thermohaline circulation cycles in observed climate}",
  journal = GRL,
     year = 2005,
    month = oct,
   volume = 32,
    pages = {20708-+},
      doi = {10.1029/2005GL024233},

}


@Article{KCWC01,
  author = 	 {Kuo, H.-C. and J.-H Chen and R. T. Williams and C.-P. Chang},
  title = 	 {Rossby waves in zonally opposing mean flow: Behavior in the 
                  Northwest Pacific summer monsoon},
  journal = 	 JAS,
  year = 	 {2001},
  OPTkey = 	 {},
  volume = 	 {58},
  OPTnumber = 	 {},
  pages = 	 {1035-1050},
  OPTmonth = 	 {},
  OPTnote = 	 {},
  OPTannote = 	 {}
}

@Article{KG04,
  author =       {Klotzbach, P. J. and W. M. Gray},
  title =        {Updated 6-11-month prediction of Atlantic basin seasonal hurricane activity},
  journal =      WAF,
  year =         {2004},
  OPTkey =       {},
  volume =       {19},
  OPTnumber =    {},
  pages =        {917-934},
  OPTmonth =     {},
  OPTnote =      {},
  OPTannote =    {}
}

@ARTICLE{KN97,
   author = {kachi, M. and T. Nitta},
    title = "{Decadal Variations of the Global Atmosphere-Ocean System}",
  journal = JMSJ,
     year = 1997,
   volume = 97,
    pages = {657-675},
}

@ARTICLE{KW95,
   author = {Kiladis, G.~N. and Wheeler, M.},
    title = "{Horizontal and vertical structure of observed tropospheric equatorial
              Rossby waves}",
  journal = JGR,
     year = 1995,
    month = nov,
   volume = 100,
   number = .9,
    pages = {22981-22998},
}

@ARTICLE{KTH06,
   author = {{Kiladis}, G.~N. and {Thorncroft}, C.~D. and {Hall}, N.~M.~J.
	},
    title = "{Three-Dimensional Structure and Dynamics of African Easterly Waves. Part I: Observations}",
  journal = JAS,
     year = 2006,
    month = sep,
   volume = 63,
    pages = {2212-2230},
      doi = {10.1175/JAS3741.1},
   adsurl = {http://adsabs.harvard.edu/abs/2006JAtS...63.2212K},
  adsnote = {Provided by the SAO/NASA Astrophysics Data System}
}




@ARTICLE{Kalnay96,
   author = {{Kalnay}, E. and {Kanamitsu}, M. and {Kistler}, R. and {Collins}, W. and 
	{Deaven}, D. and {Gandin}, L. and {Iredell}, M. and {Saha}, S. and 
	{White}, G. and {Woollen}, J. and {Zhu}, Y. and {Leetmaa}, A. and 
	{Reynolds}, B. and {Chelliah}, M. and {Ebisuzaki}, W. and {Higgins}, W. and 
	{Janowiak}, J. and {Mo}, K.~C. and {Ropelewski}, C. and {Wang}, J. and 
	{Jenne}, R. and {Joseph}, D.},
    title = "{The NCEP/NCAR 40-Year Reanalysis Project.}",
  journal = BAMS,
     year = {1996},
    month = mar,
   volume = 77,
    pages = {437-472},
}


@ARTICLE{Ketal96,
   author = {{Kalnay}, E. and {Kanamitsu}, M. and {Kistler}, R. and {Collins}, W. and 
	{Deaven}, D. and {Gandin}, L. and {Iredell}, M. and {Saha}, S. and 
	{White}, G. and {Woollen}, J. and {Zhu}, Y. and {Leetmaa}, A. and 
	{Reynolds}, B. and {Chelliah}, M. and {Ebisuzaki}, W. and {Higgins}, W. and 
	{Janowiak}, J. and {Mo}, K.~C. and {Ropelewski}, C. and {Wang}, J. and 
	{Jenne}, R. and {Joseph}, D.},
    title = "{The NCEP/NCAR 40-Year Reanalysis Project.}",
  journal = {BAMS},
     year = 1996,
    month = mar,
   volume = 77,
    pages = {437-472},
   adsurl = {http://adsabs.harvard.edu/cgi-bin/nph-bib_query?bibcode=1996BAMS...77..437K&db_key=PHY},
  adsnote = {Provided by the Smithsonian/NASA Astrophysics Data System}
}

@Article{Kinter02,
  author =       {Kinter, J. L. and K.  Miyakoda and S. Yang},
  title =        {Recent Change in the Connection from the Asian Monsoon to ENSO.},
  journal =      JCLIM,
  year =         {2002},
  OPTkey =       {},
  volume =       {15},
  OPTnumber =    {},
  pages =        {1203-1215},
  OPTmonth =     {},
  OPTnote =      {},
  OPTannote =    {}
}

@Article{Kumar99,
  author =       {Kumar, K. K. and B. Rajagopalan  and C. Cane},
  title =        {On the weakening relationship between the Indian monsoon and ENSO.},
  journal =      sci,
  year =         {1999},
  OPTkey =       {},
  volume =       {284},
  OPTnumber =    {},
  pages =        {2156-2159},
  OPTmonth =     {},
  OPTnote =      {},
  OPTannote =    {}
}


@ARTICLE{LB96,
   author = {{Latif}, M. and {Barnett}, T.~P.},
    title = "{Decadal Climate Variability over the North Pacific and North America: Dynamics and Predictability.}",
  journal = JCLIM,
     year = 1996,
    month = oct,
   volume = 9,
    pages = {2407-2423}
}



@ARTICLE{LCR05,
   author = {{Li}, K.~Y. and {Coe}, M.~T. and {Ramankutty}, N.},
    title = "{Investigation of Hydrological Variability in West Africa Using Land Surface Models.}",
  journal = JCLIM,
     year = 2005,
    month = aug,
   volume = 18,
    pages = {3173-3188},
}

@Article{LG92,
  author =       {Landsea, C. and W. M. Gray },
  title =        {The strong association between western Sahelian monsoon rainfall
                  and intense Atlantic hurricanes},
  journal =      JC,
  year =         {1992},
  OPTkey =       {},
  volume =       {5},
  OPTnumber =    {},
  pages =        {435-453},
  OPTmonth =     {},
  OPTnote =      {},
  OPTannote =    {}
}


@ARTICLE{LH90,
   author = {{Liebmann}, B. and {Hendon}, H.~H.},
    title = "{Synoptic-Scale Disturbances near the Equator.}",
  journal = JAS,
     year = 1990,
    month = jun,
   volume = 47,
    pages = {1463-1479},
   adsurl = {http://adsabs.harvard.edu/cgi-bin/nph-bib_query?bibcode=1990JAtS...47.1463L&db_key=PHY},
  adsnote = {Provided by the Smithsonian/NASA Astrophysics Data System}
}

@Article{LHG94,
  author =       {Liebmann, B. and H. H. Hendon and J. D. Glick},
  title =        {The relationship between tropical cyclones of the western Pacific and
Indian oceans and the Madden-Julian oscillation},
  journal =      JMSJ,
  year =         {1994},
  OPTkey =       {},
  volume =       {72},
  OPTnumber =    {},
  pages =        {401-412},
  OPTmonth =     {},
  OPTnote =      {},
  OPTannote =    {}
}

@Article{Clark2002,
  author =       { Clark, J.D. and P.-S. Chu},
  title =        {Interannual variation of tropical cyclone activity in the central North Pacific},
  journal =      JMSJ,
  year =         {2002},
  OPTkey =       {},
  volume =       {80},
  OPTnumber =    {},
  pages =        {403-418},
  OPTmonth =     {},
  OPTnote =      {},
  OPTannote =    {}
}




@ARTICLE{LKE97,
   author = {Lehmiller, G. S., T. B. Kimberlain and J. B. Elsner},
    title = "{Seasonal Prediction Models for North Atlantic Basin Hurricane Location}",
  journal = MWR,
     year = 1997,
   volume = 125,
    pages = {1780-1791},
}


@Article{LPMK99,
  author =       {Landsea, C. W. and R. A. Pielke Jr. and A. M. Mestas-Nu{\~n}ez and J. Knaff},
  title =        {Atlantic basin hurricanes: indices of climate changes},
  journal =      CLC,
  year =         {1999},
  OPTkey =       {},
  volume =       {42},
  OPTnumber =    {},
  pages =        {89-129},
  OPTmonth =     {},
  OPTnote =      {},
  OPTannote =    {}
}


@Article{LS96,
  author =       {Liebmann, B. and A. Smith},
  title =        {Description of a complete (interpolated) outgoing longwave radiation dataset},
  journal =      BAMS,
  year =         {1996},
  OPTkey =       {},
  volume =       {77},
  OPTnumber =    {},
  pages =        {1275-1277},
  OPTmonth =     {},
  OPTnote =      {},
  OPTannote =    {}
}

@Article{ME06,
  author =       {Mann, M. E. and K. A. Emanuel},
  title =        {Atlantic hurricane trends linked to climate change.},
  journal =      EOS,
  year =         {2006},
  OPTkey =       {},
  volume =       {87},
  OPTnumber =    {},
  pages =        {233-244},
  OPTmonth =     {},
  OPTnote =      {},
  OPTannote =    {}
}

@ARTICLE{L74,
   author = {{Lindzen}, R.~S.},
    title = "{Wave-CISK in the Tropics.}",
  journal = JAS,
     year = 1974,
    month = jan,
   volume = 31,
    pages = {156-179},
      doi = {10.1175/1520-0469(1974)031<0156:WCITT>2.0.CO;2},
   adsurl = {http://adsabs.harvard.edu/abs/1974JAtS...31..156L},
  adsnote = {Provided by the SAO/NASA Astrophysics Data System}
}



@Article{ME99,
  author =       {Mestas-Nu{\~n}ez,  A. M. and D. B.  Enfield},
  title =        {Rotated global modes of Non-ENSO sea surface temperature variability},
  journal =      JCLIM,
  year =         {1999},
  OPTkey =       {},
  volume =       {12},
  OPTnumber =    {},
  pages =        {2734-2745},
  OPTmonth =     {},
  OPTnote =      {},
  OPTannote =    {}
}

@ARTICLE{MH00a,
   author = {{Maloney}, E.~D. and {Hartmann}, D.~L.},
    title = "{Modulation of Eastern North Pacific Hurricanes by the Madden-Julian Oscillation}",
  journal = JC,
     year = 2000,
    month = may,
   volume = 13,
    pages = {1451-1460},
   adsurl = {http://adsabs.harvard.edu/cgi-bin/nph-bib_query?bibcode=2000JCli...13.1451M&db_key=PHY},
  adsnote = {Provided by the Smithsonian/NASA Astrophysics Data System}
}

@ARTICLE{MH00b,
   author = {{Maloney}, E.~D. and {Hartmann}, D.~L.},
    title = "{Modulation of hurricane activity in the gulf of Mexico by the 
             Madden-Julian oscillation}",
  journal = sci,
     year = 2000,
    month = mar,
   volume = 287,
    pages = {2002-2004},
   adsurl = {http://adsabs.harvard.edu/cgi-bin/nph-bib_query?bibcode=2000Sci...287.2002M&db_key=PHY},
  adsnote = {Provided by the Smithsonian/NASA Astrophysics Data System}
}

@ARTICLE{MH01,
   author = {{Maloney}, E.~D. and {Hartmann}, D.~L.},
    title = {The Madden-Julian oscillation, barotropic dynamics, and North Pacific 
             tropical cyclone formation. Part I: Observations},
  journal = JAS,
     year = 2001,
    month = sep,
   volume = 58,
    pages = {2545-2558},
}



@ARTICLE{MHM04,
   author = {{Matthews}, J.~A. and {Hoskins}, J.~B. and {Masutani}, M.},
    title = "{The global response to tropical heating in the Madden-Julian oscillation during the northern winter}",
  journal = QJRMS,
     year = 2004,
    month = jul,
   volume = 130,
    pages = {1991-2011},
}

@ARTICLE{MHZWF97,
   author = {{Mantua}, N.~J. and {Hare}, S.~R. and {Zhang}, Y. and {Wallace}, J.~M. and 
	{Francis}, R.~C.},
    title = "{A Pacific Interdecadal Climate Oscillation with Impacts on Salmon Production.}",
  journal = BAMS,
     year = 1997,
    month = jun,
   volume = 78,
    pages = {1069-1079},
}

@Article{MJO71,
  author =       {Madden, R. A. and P. R. Julian},
  title =        {Detection of a 40-50 day oscillation in the zonal
                  wind in the tropical Pacific},
  journal =      JAS,
  year =         {1971},
  OPTkey =       {},
  volume =       {28},
  OPTnumber =    {},
  pages =        {702-708},
  OPTmonth =     {},
  OPTnote =      {},
  OPTannote =    {}
}

@Article{MJO94,
  author =       {Madden, R. A. and P. R. Julian},
  title =        {Observations of the 40-50 day oscillation--A review},
  journal =      MWR,
  year =         {1994},
  OPTkey =       {},
  volume =       {122},
  OPTnumber =    {},
  pages =        {814-837},
  OPTmonth =     {},
  OPTnote =      {},
  OPTannote =    {}
}

@ARTICLE{MVC04,
   author = {{Molinari}, J. and {Vollaro}, D. and {Corbosiero}, K.~L.},
    title = "{Tropical Cyclone Formation in a Sheared Environment: A Case Study.}",
  journal = JAS,
     year = 2004,
    month = nov,
   volume = 61,
    pages = {2493-2509},
      doi = {10.1175/JAS3291.1},
   adsurl = {http://adsabs.harvard.edu/abs/2004JAtS...61.2493M},
  adsnote = {Provided by the SAO/NASA Astrophysics Data System}
}



@Article{MKDVS97,
  author =       {Molinari, J. and D. Knight and M. Dickinson and D. Vollaro and S. Skubis },
  title =        {Potential vorticity, easterly waves, and eastern Pacific tropical cyclogenesis},
  journal =      MWR,
  year =         {1997},
  OPTkey =       {},
  volume =       {125},
  OPTnumber =    {},
  pages =        {2699-2708},
  OPTmonth =     {},
  OPTnote =      {},
  OPTannote =    {}
}

@ARTICLE{MKWWGC96,
   author = {{Meehl}, G.~A. and {Kiladis}, G.~N. and {Weickmann}, K.~M. and 
	{Wheeler}, M. and {Gutzler}, D.~S. and {Compo}, G.~P.},
    title = "{Modulation of equatorial subseasonal convective episodes by tropical-extratropical 
              interaction in the Indian and Pacific Ocean regions}",
  journal = JGR,
     year = 1996,
   volume = 101,
   number = .10,
    pages = {15033-15050},
      doi = {10.1029/96JD01014},
}

@ARTICLE{MLKWMW01,
   author = {{Meehl}, G.~A. and {Lukas}, R. and {Kiladis}, G.~N. and {Weickmann}, K.~M. and 
	{Matthews}, A.~J. and {Wheeler}, M.},
    title = "{A conceptual framework for time and space scale interactions in the climate 
              system}",
  journal = CD,
     year = 2001,
   volume = 17,
    pages = {753-775},
}

@Article{MPB04,
  author =       {McCabe, G. and M. Palecki and J. Betancourt},
  title =        {Pacific and Atlantic ocean influences on multidecadal drought frequency in the United States},
  journal =      PNAS,
  year =         {2004},
  OPTkey =       {},
  volume =       {101},
  OPTnumber =    {},
  pages =        {4136-4141}
}
 



@Article{MV00,
  author =       {Molinari, J. and D. Vollaro},
  title =        {Planetary- and synoptic scale influences on 
                 eastern Pacific tropical cyclogenesis},
  journal =      MWR,
  year =         {2000},
  OPTkey =       {},
  volume =       {128},
  OPTnumber =    {},
  pages =        {3296-3307},
  OPTmonth =     {},
  OPTnote =      {},
  OPTannote =    {}
}

@ARTICLE{MV89,
   author = {{Molinari}, J. and {Vollaro}, D.},
    title = "{External Influences on Hurricane Intensity. Part I: Outflow Layer Eddy Angular Momentum Fluxes.}",
  journal = JAS,
     year = 1989,
    month = apr,
   volume = 46,
    pages = {1093-1105},
      doi = {10.1175/1520-0469(1989)046<1093:EIOHIP>2.0.CO;2},
   adsurl = {http://adsabs.harvard.edu/abs/1989JAtS...46.1093M},
  adsnote = {Provided by the SAO/NASA Astrophysics Data System}
}




@ARTICLE{MV90,
   author = {{Molinari}, J. and {Vollaro}, D.},
    title = "{External Influences on Hurricane Intensity. Part II: Vertical Structure and Response of the Hurricane Vortex.}",
  journal = JAS,
     year = 1990,
    month = aug,
   volume = 47,
    pages = {1902-1918},
   adsurl = {http://adsabs.harvard.edu/cgi-bin/nph-bib_query?bibcode=1990JAtS...47.1902M&db_key=PHY},
  adsnote = {Provided by the Smithsonian/NASA Astrophysics Data System}
}

@ARTICLE{MVF92,
   author = {Molinari, J. and D. Vollaro and F. Robasky},
    title = "{Use of ECMWF operational analyses for studies of the tropical cyclone environment}",
  journal = MAP,
     year = 1992,
    month = aug,
   volume = 47,
    pages = {127-144}
}

@Article{MVSD00,
  author =       {Molinari, J. and D. Vollaro and S. Skubis and M. Dickinson},
  title =        {Origins and mechanisms of eastern Pacific tropical cyclogenesis: A case study},
  journal =      MWR,
  year =         {2000},
  OPTkey =       {},
  volume =       {128},
  OPTnumber =    {},
  pages =        {125-139},
  OPTmonth =     {},
  OPTnote =      {},
  OPTannote =    {}
}

@ARTICLE{MZ81,
   author = {{McBride}, J.~L. and {Zehr}, R.},
    title = "{Observational analysis of tropical cyclone formation. Part II: comparison of 
              non-developing versus developing systems.}",
  journal = JAS,
     year = 1981,
    month = jun,
   volume = 38,
    pages = {1132-1151},
   adsurl = {http://adsabs.harvard.edu/cgi-bin/nph-bib_query?bibcode=1981JAtS...38.1132M&db_key=PHY},
  adsnote = {Provided by the Smithsonian/NASA Astrophysics Data System}
}

@ARTICLE{NA04,
   author = {Nagarajan, B. and A. Aiyyer},
    title = {Performance of the ECMWF operational analyses over the tropical Indian ocean},
  journal = MWR,
     year = 2004,
   volume = 132,
    pages = {2275-2282},
}

@ARTICLE{NC96,
   author = {Nuret, M. and M. Chong},
    title = {Monitoring the performance of the ECMWF operational analysis using the 
             enhanced TOGA COARE observational network},
  journal = WAF,
     year = 1996,
   volume = 11,
    pages = {53-65},
}

@Article{Naka86,
  author =       {Nakazawa, T.},
  title =        {Intraseasonal variation of OLR in the tropics during the FGGE year},
  journal =      JMSJ,
  year =         {1986},
  OPTkey =       {},
  volume =       {64},
  OPTnumber =    {},
  pages =        {17-34},
  OPTmonth =     {},
  OPTnote =      {},
  OPTannote =    {}
}

@Article{PAG01,
  author = 	 {Pasch, R. and L. A. Avila and J. .L. Guiney},
  title = 	 {Atlantic hurricane season of 1998},
  journal = 	 MWR,
  year = 	 {2001},
  OPTkey = 	 {},
  volume = 	 {129},
  OPTnumber = 	 {},
  pages = 	 {3085-3123},
  OPTmonth = 	 {},
  OPTnote = 	 {},
  OPTannote = 	 {}
}


@ARTICLE{PV97,
   author = { Peterson, T. C. and R. S. Vose},
    title = "{An overview of the Global Historical Climatology Network temperature data base}",
  journal = BAMS,
     year = 1997,
   volume = 78,
    pages = {2837-2849},
}

@Article{Palmen48,
  author =       {Palmen, E.},
  title =        {On the formation and structure of tropical cyclones},
  journal =      GEO,
  year =         {1958},
  OPTkey =       {},
  volume =       {3},
  OPTnumber =    {},
  pages =        {26-38},
  OPTmonth =     {},
  OPTnote =      {},
  OPTannote =    {}
}

@ARTICLE{Pan82,
   author = {Pan, Y. H.},
    title = "{The effect of the thermal state of equatorial eastern Pacific on the 
             frequency of typhoon over the western Pacific (in Chinese with English 
             abstract)}",
  journal = AMSI,
     year = 1982,
   volume = 40,
    pages = {24-34},
}

@Article{Ramage1959,
  author =       {Ramage, C. S.},
  title =        {Hurricane development},
  journal =      JMET,
  year =         {1959},
  OPTkey =       {},
  volume =       {16},
  OPTnumber =    {},
  pages =        {227-237},
  OPTmonth =     {},
  OPTnote =      {},
  OPTannote =    {}
}


@Article{Rayner03,
  author =       {Rayner, N. A. and D. E. Parker and E. B. Horton and C. K. Folland and
                  L. V. Alexander and D. P. Rowell and E. C. Kent and A. Kaplan},
  title =        {Global analyses of sea surface temperature, sea ice and 
                 night marine air temperature since the late nineteenth century.},
  journal =      JGR,
  year =         {2003},
  OPTkey =       {},
  volume =       {108},
  OPTnumber =    {},
  pages =        {4407},
  OPTmonth =     {},
  OPTnote =      { doi:10.1029/2002JD002670.},
  OPTannote =    {}
}


@Article{Reasoretal00,
  author =       {Reasor, P. D. and M. T. Montgomery and F. D. Marks and J. F. Gamache},
  title =        {Low-wavenumber structure and evolution of the hurricane inner core 
                  observed by airborne dual-Doppler radar},
  journal =      MWR,
  year =         {2000},
  OPTkey =       {},
  volume =       {128},
  OPTnumber =    {},
  pages =        {1653-1680},
  OPTmonth =     {},
  OPTnote =      {},
  OPTannote =    {}
}

@Article{Sweet77,
  author = 	 {Sweet, R.},
  title = 	 {A cyclic reduction algorithm for solving block tridiagonal 
                  systems of arbitrary dimensions},
  journal = 	 SIAM,
  year = 	 {1977},
  OPTkey = 	 {},
  volume = 	 {14},
  OPTnumber = 	 {},
  pages = 	 {706-720},
  OPTmonth = 	 {},
  OPTnote = 	 {},
  OPTannote = 	 {}
}


@Article{SB99,
  author = 	 {Sobel, A. H. and C. S. Bretherton},
  title = 	 {Development of synoptic-scale disturbances over the summertime 
                  tropical North west Pacific},
  journal = 	 JAS,
  year = 	 {1999},
  OPTkey = 	 {},
  volume = 	 {56},
  OPTnumber = 	 {},
  pages = 	 {3106-3127},
  OPTmonth = 	 {},
  OPTnote = 	 {},
  OPTannote = 	 {}
}


@Article{SG93,
  author =       {Shapiro, L. J and S. Goldenberg},
  title =        {Intraseasonal oscillations over the Atlantic.},
  journal =      JCLIM,
  year =         {1993},
  OPTkey =       {},
  volume =       {6},
  OPTnumber =    {},
  pages =        {677-699},
  OPTmonth =     {},
  OPTnote =      {},
  OPTannote =    {}
}



@Article{SG97,
  author =       {Shapiro, L. J and S. Goldenberg},
  title =        {Atlantic sea surface temperatures and tropical cyclone formation.},
  journal =      JCLIM,
  year =         {1997},
  OPTkey =       {},
  volume =       {11},
  OPTnumber =    {},
  pages =        {578-590},
  OPTmonth =     {},
  OPTnote =      {},
  OPTannote =    {}
}

@ARTICLE{SH05,
   author = {{Sutton}, R.~T. and {Hodson}, D.~L.~R.},
    title = "{Atlantic Ocean Forcing of North American and European Summer Climate}",
  journal = sci,
     year = 2005,
    month = jul,
   volume = 309,
    pages = {115-118},
      doi = {10.1126/science.1109496},
}

@ARTICLE{SH07,
   author = {Sutton, R. T. and D. L. R. Hodson},
    title = "{Climate response to multidecadal cooling and warming of the North Atlantic}",
  journal = JCLIM,
     year = 2007,
  volume = 	 {20},
    pages = {891-907}
}

@Article{SM00,
  author = 	 {Sobel, A. H. and E. D. Maloney},
  title = 	 {Effect of ENSO and the MJO on Western North Pacific Tropical
Cyclones},
  journal = 	 {GRL},
  year = 	 {2000},
  OPTkey = 	 {},
  volume = 	 {27},
  OPTnumber = 	 {},
  pages = 	 {1739-1742},
  OPTmonth = 	 {},
  OPTnote = 	 {},
  OPTannote = 	 {}
}


@ARTICLE{SR94,
   author = {{Schlesinger}, M.~E. and {Ramankutty}, N.},
    title = "{An oscillation in global climate system of period 65-70 years}",
  journal = NAT,
     year = 1994,
   volume = 367,
    pages = {578-590},
      doi = {10.1029/95JD01262},
}


@ARTICLE{SR95,
   author = {{Schlesinger}, M.~E. and {Ramankutty}, N.},
    title = "{Is the recently reported 65- to 70-year surface-temperature oscillation the result of climatic noise?}",
  journal = JGR,
     year = 1995,
    month = jul,
   volume = 100,
    pages = {13767-13774},
      doi = {10.1029/95JD01262},
}

@ARTICLE{MSV95,
   author = {{Molinari}, J. and {Skubis}, S. and {Vollaro}, D.},
    title = "{External Influences on Hurricane Intensity. Part III: Potential Vorticity Structure.}",
  journal = JAS,
     year = 1995,
    month = oct,
   volume = 52,
    pages = {3593-3606},
      doi = {10.1175/1520-0469(1995)052<3593:EIOHIP>2.0.CO;2},
   adsurl = {http://adsabs.harvard.edu/abs/1995JAtS...52.3593M},
  adsnote = {Provided by the SAO/NASA Astrophysics Data System}
}



@ARTICLE{Sadler76,
   author = {Sadler, J.},
    title = {A role of the tropical upper tropospheric trough in early season 
             typhoon development},
  journal = MWR,
     year = 1976,
   volume = 104,
    pages = {1266-1278},
}

@ARTICLE{S78,
   author = {{Sadler}, J.~C.},
    title = "{Mid-Season Typhoon Development and Intensity Changes and the Tropical Upper Tropospheric Trough}",
  journal = MWR,
     year = 1978,
   volume = 106,
    pages = {1137-+},
      doi = {10.1175/1520-0493(1978)106<1137:MSTDAI>2.0.CO;2},
   adsurl = {http://adsabs.harvard.edu/abs/1978MWRv..106.1137S},
  adsnote = {Provided by the SAO/NASA Astrophysics Data System}
}




@Article{Shap82a,
  author =       {Shapiro, L. J.},
  title =        {Hurricane climatic fluctuations. Part I: Patterns and cycles},
  journal =      MWR,
  year =         {1982},
  OPTkey =       {},
  volume =       {110},
  OPTnumber =    {},
  pages =        {1007-1013},
  OPTmonth =     {},
  OPTnote =      {},
  OPTannote =    {}
}

@Article{Shap82b,
  author =       {Shapiro, L. J.},
  title =        {Hurricane climatic fluctuations. Part II: Relation to large-scale circulation.},
  journal =      MWR,
  year =         {1982},
  OPTkey =       {},
  volume =       {110},
  OPTnumber =    {},
  pages =        {1014-1023},
  OPTmonth =     {},
  OPTnote =      {},
  OPTannote =    {}
}

@Article{Shap87,
  author =       {Shapiro, L. J.},
  title =        {Month-to-month variability of the Atlantic tropical circulation and 
                  its relationship to tropical storm formation},
  journal =      MWR,
  year =         {1987},
  OPTkey =       {},
  volume =       {115},
  OPTnumber =    {},
  pages =        {2598-2614},
  OPTmonth =     {},
  OPTnote =      {},
  OPTannote =    {}
}

@Article{Shap89,
  author =       {Shapiro, L. J.},
  title =        {The relationship of the Quasi-biennial Oscillation to Atlantic tropical 
                  cyclone activity},
  journal =      MWR,
  year =         {1989},
  OPTkey =       {},
  volume =       {117},
  OPTnumber =    {},
  pages =        {1545-1552},
  OPTmonth =     {},
  OPTnote =      {},
  OPTannote =    {}
}


@ARTICLE{TCSW02,
   author = {{Trenberth}, K.~E. and {Caron}, J.~M. and {Stepaniak}, D.~P. and 
	{Worley}, S.},
    title = "{Evolution of El Ni{\~n}o-Southern Oscillation and global atmospheric surface temperatures}",
  journal = JGR,
     year = 2002,
    month = apr,
   volume = 107,
    pages = {5-1},
      doi = {10.1029/2000JD000298},
}

@ARTICLE{BL06,
   author = {{Brennan}, M.~J. and {Lackmann}, G.~M.},
    title = "{Observational Diagnosis and Model Forecast Evaluation of Unforecasted Incipient Precipitation during the 24 25 January 2000 East Coast Cyclone}",
  journal = MWR,
     year = 2006,
   volume = 134,
    pages = {2033-+},
      doi = {10.1175/MWR3184.1},
   adsurl = {http://adsabs.harvard.edu/abs/2006MWRv..134.2033B},
  adsnote = {Provided by the SAO/NASA Astrophysics Data System}
}




@ARTICLE{TH93,
   author = {{Thorncroft}, C.~D. and {Hoskins}, B.~J. and {McIntyre}, M.~E.
	},
    title = "{Two paradigms of baroclinic-wave life-cycle behaviour}",
  journal = QJRMS,
     year = 1993,
    month = jan,
   volume = 119,
    pages = {17-55},
      doi = {10.1256/smsqj.50902},
   adsurl = {http://adsabs.harvard.edu/abs/1993QJRMS.119...17T},
  adsnote = {Provided by the SAO/NASA Astrophysics Data System}
}


@ARTICLE{TH01,
   author = {{Thorncroft}, C. and {Hodges}, K.},
    title = "{African Easterly Wave Variability and Its Relationship to Atlantic Tropical Cyclone Activity.}",
  journal = JC,
     year = 2001,
    month = mar,
   volume = 14,
    pages = {1166-1179},
}



@ARTICLE{TH94,
   author = {{Trenberth}, K.~E. and {Hurrell}, J.~W.},
    title = "{Decadal atmosphere-ocean variations in the Pacific}",
  journal = CD,
     year = 1994,
   volume = 9,
    pages = {303-319},
}


@Article{TK1981,
  author =       {Tuleya, E. and Y. Kurihara},
  title =        {A numerical study on the effects of environmental flow on tropical storm 
                  genesis.},
  journal =      MWR,
  year =         {1981},
  OPTkey =       {},
  volume =       {109},
  OPTnumber =    {},
  pages =        {2487-2506},
  OPTmonth =     {},
  OPTnote =      {},
  OPTannote =    {}
}

@Article{TN93,
  author = 	 {Takayabu, Y. N. and T. Nitta},
  title = 	 {3-5 day disturbances coupled with
convection in over the Tropical Pacific Ocean.},
  journal = 	 {JMSJ},
  year = 	 {1993},
  OPTkey = 	 {},
  volume = 	 {},
  OPTnumber = 	 {},
  pages = 	 {221-245},
  OPTmonth = 	 {},
  OPTnote = 	 {},
  OPTannote = 	 {}
}

@ARTICLE{TO88,
   author = { Trenberth, K. E. and J. G. Olson},
    title = {An evaluation and intercomparison of global analyses from NMC and ECMWF},
  journal = BAMS,
     year = 1988,
   volume = 69,
   number = .10,
    pages = {1047-1057},
}

@Article{TP01,
  author =       {Thorncroft, C. and I. Pytharoulis},
  title =        {A dynamical approach to seasonal prediction of Atlantic tropical cyclone activity}, 
  journal =      WAF,
  year =         {2001},
  OPTkey =       {},
  volume =       {16},
  OPTnumber =    {},
  pages =        {725-734},
  OPTmonth =     {},
  OPTnote =      {},
  OPTannote =    {}
}

@ARTICLE{TSHF01,
   author = {Trenberth, K. E. and D. P. Stepaniak and J. W. Hurrel and M. Fiorino},
    title = {Quality of reanalyses in the tropics},
  journal = JC,
     year = 2001,
   volume = 14,
    pages = {1499-1510},
}

@ARTICLE{TSHF01,
   author = {{Trenberth}, K.~E. and {Stepaniak}, D.~P. and {Hurrell}, J.~W. and 
	{Fiorino}, M.},
    title = "{Quality of Reanalyses in the Tropics.}",
  journal = JCLIM,
     year = 2001,
    month = apr,
   volume = 14,
    pages = {1499-1510},
}


@Article{W71,
  author = 	 {Wallace, J. M.},
  title = 	 {Spectral studies of tropospheric wave disturbances in the tropical 
                  western Pacific.},
  journal = 	 {RGSP},
  year = 	 {1971},
  OPTkey = 	 {},
  volume = 	 {25},
  OPTnumber = 	 {},
  pages = 	 {557-612},
  OPTmonth = 	 {},
  OPTnote = 	 {},
  OPTannote = 	 {}
}

@Article{W72,
  author = 	 {Webster, P. J.},
  title = 	 {Response of the tropical atmosphere to local, steady forcing.},
  journal = 	 MWR,
  year = 	 {1972},
  OPTkey = 	 {},
  volume = 	 {100},
  OPTnumber = 	 {},
  pages = 	 {518-541},
  OPTmonth = 	 {},
  OPTnote = 	 {},
  OPTannote = 	 {}
}

@Article{WC88,
  author = 	 {Webster, P. J. and H.-R. Chang},
  title = 	 {Equatorial energy accumulation and emanation regions: Impacts of a 
                  zonally varying basic state},
  journal = 	 JAS,
  year = 	 {1988},
  OPTkey = 	 {},
  volume = 	 {45},
  OPTnumber = 	 {},
  pages = 	 {803-829},
  OPTmonth = 	 {},
  OPTnote = 	 {},
  OPTannote = 	 {}
}


@Article{WK68,
  author = 	 {Wallace, J. M. and V. E. Kousky},
  title = 	 {Observational evidence of Kelvin waves in the tropical atmosphere.},
  journal = 	 JAS,
  year = 	 {1968},
  OPTkey = 	 {},
  volume = 	 {25},
  OPTnumber = 	 {},
  pages = 	 {900-907},
  OPTmonth = 	 {},
  OPTnote = 	 {},
  OPTannote = 	 {}
}


@Article{WK99,
  author = 	 {Wheeler, M. and G. N. Kiladis},
  title = 	 {Convectively couple equatorial waves: Analysis of clouds and 
                  temperature in the wavenumber-frequency domain},
  journal = 	 JAS,
  year = 	 {1999},
  OPTkey = 	 {},
  volume = 	 {56},
  OPTnumber = 	 {},
  pages = 	 {374-399},
  OPTmonth = 	 {},
  OPTnote = 	 {},
  OPTannote = 	 {}
}


@Article{WKW00,
  author = 	 {Wheeler, M. and G. N. Kiladis and P. J. Webster},
  title = 	 {Large scale dynamical fields associated with equatorial waves},
  journal = 	 JAS,
  year = 	 {2000},
  OPTkey = 	 {},
  volume = 	 {57},
  OPTnumber = 	 {},
  pages = 	 {613-640},
  OPTmonth = 	 {},
  OPTnote = 	 {},
  OPTannote = 	 {}
}


@ARTICLE{WN61,
   author = {Wiin-Nielsen, A. },
    title = "{On short-term and long-term variations in quasi-barotropic flow}",
  journal = MWR,
     year = 1961,
   volume = 89,
    pages = {461-476},
}


@Article{Wallace93,
  author =       {Wallace, J. M. and Y. Zhang and K.-H. Lau},
  title =        {Structure and seasonality of interannual and interdecadal variability of the 
                 geopotential height and temperature fields in the northern hemisphere troposphere},
  journal =      JCLIM,
  year =         {1993},
  OPTkey =       {},
  volume =       {11},
  OPTnumber =    {},
  pages =        {2063-2082},
  OPTmonth =     {},
  OPTnote =      {},
  OPTannote =    {}
}

@Article{Ward98,
  author =       {Ward, M. N.},
  title =        {Diagnosis and short-lead time prediction of summer rainfall in 
                 tropical North Africa at interannual and multi-decadal timescales},
  journal =      JCLIM,
  year =         {2004},
  OPTkey =       {},
  volume =       {11},
  OPTnumber =    {},
  pages =        {3167-3191},
  OPTmonth =     {},
  OPTnote =      {},
  OPTannote =    {}
}

@Article{XieArkin96,
  author = 	 {Xie, P. and P. A. Arkin},
  title = 	 {Analysis of global monthly precipitation using gauge
                 observations, satellite estimates, and numerical model 
                 predictions.},
  journal = 	 JCLIM,
  year = 	 {1996},
  OPTkey = 	 {},
  volume = 	 {9},
  OPTnumber = 	 {},
  pages = 	 {840-858},
  OPTmonth = 	 {},
  OPTnote = 	 {},
  OPTannote = 	 {}
}



@Article{XieArkin97,
  author = 	 {Xie, P. and P. A. Arkin},
  title = 	 {Global precipitation: A 17-year monthly analysis based 
                 on gauge observations, satellite estimates, and 
                 numerical model outputs.},
  journal = 	 BAMS,
  year = 	 {1997},
  OPTkey = 	 {},
  volume = 	 {78},
  OPTnumber = 	 {},
  pages = 	 {2539-2558},
  OPTmonth = 	 {},
  OPTnote = 	 {},
  OPTannote = 	 {}
}

@ARTICLE{YK94,
   author = {{Kushnir}, Y.},
    title = "{Interdecadal Variations in North Atlantic Sea Surface Temperature and Associated Atmospheric Conditions.}",
  journal = JCLIM,
     year = 1994,
    month = jan,
   volume = 7,
    pages = {141-157},
}

@ARTICLE{Z91,
   author = {Zehnder, J. A.},
    title = "{The interaction of planetary-scale tropical easterly waves with topography: A mechanism for the initiation of tropical cyclones}",
  journal = JAS,
     year = 1991,
   volume = 48,
    pages = {1217-1230},
}


@ARTICLE{ZG91,
   author = {Zehnder, J. A. and R. L. Gall},
    title = "{Alternative mechanisms of tropical cyclone formation in the Eastern North Pacific}",
  journal = ATMS,
     year = 1991,
   volume = 4,
    pages = {37-51},
}

@Article{ZK96,
  author = 	 {Zhang, Z. and T. N. Krishnamurti},
  title = 	 {A generalization of Gill's heat-inducedtropical circulation.},
  journal = 	 JAS,
  year = 	 {1996},
  OPTkey = 	 {},
  volume = 	 {53},
  OPTnumber = 	 {},
  pages = 	 {1045-1052},
  OPTmonth = 	 {},
  OPTnote = 	 {},
  OPTannote = 	 {}
}



@ARTICLE{xc04,
   author = {Xie, S-.P. and J. A. Carton},
    title = {Tropical Atlantic variability: Patterns, mechanisms, and impacts.},
   journal = {In Earth's Climate: The Ocean-Atmosphere Interaction, C. Wang, 
             S.-P. Xie and J.A. Carton (eds.), Geophysical Monograph, 147, AGU, 
             Washington D.C.},
     year = 2004,
    pages = {121-142},
}



@ARTICLE{ZWB97,
   author = {{Zhang}, Y. and {Wallace}, J.~M. and {Battisti}, D.~S.},
    title = "{ENSO-like Interdecadal Variability: 1900-93.}",
  journal = JCLIM,
     year = 1997,
    month = may,
   volume = 10,
    pages = {1004-1020},
}

@ARTICLE{Zehnder91,
   author = {Zehnder, J. A.},
    title = "{The interaction of planetary-scale tropical easterly waves with topography: 
               A mechanism for the initiation of tropical cyclones}",
  journal = JAS,
     year = 1991,
   volume = 48,
    pages = {1217-1230},
}

@Article{Zehr92,
  author =       {Zehr, R. M.},
  title =        {Tropical cyclogenesis in the Western Pacific.
                  NOAA Tech. Rep., NESDIS 61, 181 pp.},
  year =         {1992},
  OPTkey =       {},
  volume =       {},
  OPTnumber =    {},
  pages =        {},
  OPTmonth =     {},
  OPTnote =      {},
  OPTannote =    {}
}


@ARTICLE{chuetal94,
   author = {{Chu}, P.-S. and {Yu}, Z.-P. and {Hastenrath}, S.},
    title = "{Detecting Climate Change Concurrent with Deforestation in the Amazon Basin: Which Way Has It Gone?.}",
  journal = BAMS,
     year = 1994,
    month = apr,
   volume = 75,
    pages = {579-584},
   adsurl = {http://adsabs.harvard.edu/abs/1994BAMS...75..579C},
  adsnote = {Provided by the SAO/NASA Astrophysics Data System}
}

@ARTICLE{chenetal01,
   author = {{Chen}, T.-C. and {Yoon}, J.-H. and {St.~Croix}, K.~J. and {Takle}, E.~S.},
    title = "{Suppressing Impacts of the Amazonian Deforestation by the Global Circulation Change.}",
  journal = BAMS,
     year = 2001,
   volume = 82,
    pages = {2209-2216},
}




@ARTICLE{vk07,
   author = {Vimont, D.~J. and J. Kossin},
    title = {The Atlantic Meridional Mode and hurricane Activity},
   journal = GRL,
     year = 2007,
   volume = 34,
    pages = {L07709},
}


@ARTICLE{s99,
   author = {Servain J., I. Wainer, J. P. McCreary and A. Dessier},
    title = {Relationship between the equatorial and meridional modes of climatic 
             variability in the tropical Atlantic},
   journal = GRL,
     year = 1999,
   volume = 26,
    pages = {485-488},
}


@ARTICLE{kawamura94,
   author = {Kawamura, R.},
    title = {A rotated analysis of global sea surface temperature variability with interannual and interdecadal scales},
    journal = JPO,
     year = 1994,
   volume = 24,
    pages = {707-715},
}

@ARTICLE{dai04,
   author = {{Dai}, A. and {Lamb}, P.~J. and {Trenberth}, K.~E. and {Hulme}, M. and 
	{Jones}, P.~D. and {Xie}, P.},
    title = "{The recent Sahel drought is real}",
  journal = IJC,
     year = 2004,
    month = sep,
   volume = 24,
    pages = {1323-1331},
   adsurl = {http://adsabs.harvard.edu/abs/2004IJCli..24.1323D},
  adsnote = {Provided by the SAO/NASA Astrophysics Data System}
}


@ARTICLE{BHSG08,
   author = {{Biasutti}, M. and {Held}, I.~M. and {Sobel}, A.~H. and {Giannini}, A.
	},
    title = "{SST Forcings and Sahel Rainfall Variability in Simulations of the Twentieth and Twenty-First Centuries}",
  journal = {Journal of Climate},
     year = 2008,
   volume = 21,
    pages = {3471-3486},
      doi = {10.1175/2007JCLI1896.1},
   adsurl = {http://adsabs.harvard.edu/abs/2008JCli...21.3471B},
  adsnote = {Provided by the SAO/NASA Astrophysics Data System}
}

@ARTICLE{G88,
   author = {{Gray}, W.~M.},
    title = "{Environemntal influences on tropical cyclones}",
  journal = {Aust. Meteor. Mag.},
     year = 1988,
   volume = 36,
    pages = {127-131},
}


@ARTICLE{HS06,
   author = {{Held}, I.~M. and {Soden}, B.~J.},
    title = "{Robust Responses of the Hydrological Cycle to Global Warming}",
  journal = JCLIM,
     year = 2006,
   volume = 19,
    pages = {5686-5699},
      doi = {10.1175/JCLI3990.1},
   adsurl = {http://adsabs.harvard.edu/abs/2006JCli...19.5686H},
  adsnote = {Provided by the SAO/NASA Astrophysics Data System}
}


@ARTICLE{Gray90,
   author = {{Gray}, W.~M.},
    title = "{Strong Association Between West African Rainfall and U.S. Landfall of Intense Hurricanes}",
  journal = {Science},
     year = 1990,
    month = sep,
   volume = 249,
    pages = {1251-1256},
      doi = {10.1126/science.249.4974.1251},
   adsurl = {http://adsabs.harvard.edu/abs/1990Sci...249.1251G},
  adsnote = {Provided by the SAO/NASA Astrophysics Data System}
}

@ARTICLE{KM90,
   author = {{Kwon}, H.~J. and {Mak}, M.},
    title = "{A Study of the Structural Transformation of the African Easterly Waves.}",
  journal = JAS,
     year = 1990,
    month = feb,
   volume = 47,
    pages = {277-292},
      doi = {10.1175/1520-0469(1990)047<0277:ASOTST>2.0.CO;2},
   adsurl = {http://adsabs.harvard.edu/abs/1990JAtS...47..277K},
  adsnote = {Provided by the SAO/NASA Astrophysics Data System}
}

@ARTICLE{KK85,
   author = {{Kurihara}, Y. and {Kawase}, M.},
    title = "{On the Transformation of a Tropical Easterly Wave into a Tropical Depression: A Simple Numerical Study.}",
  journal = JAS,
     year = 1985,
    month = jan,
   volume = 42,
    pages = {68-77},
      doi = {10.1175/1520-0469(1985)042<0068:OTTOAT>2.0.CO;2},
   adsurl = {http://adsabs.harvard.edu/abs/1985JAtS...42...68K},
  adsnote = {Provided by the SAO/NASA Astrophysics Data System}
}

@ARTICLE{TMD06,
   author = {{Tory}, K.~J. and {Montgomery}, M.~T. and {Davidson}, N.~E.},
    title = "{Prediction and Diagnosis of Tropical Cyclone Formation in an NWP System. Part I: The Critical Role of Vortex Enhancement in Deep Convection}",
  journal = JAS,
     year = 2006,
    month = dec,
   volume = 63,
    pages = {3077-3090},
      doi = {10.1175/JAS3764.1},
   adsurl = {http://adsabs.harvard.edu/abs/2006JAtS...63.3077T},
  adsnote = {Provided by the SAO/NASA Astrophysics Data System}
}

@ARTICLE{TMDK06,
   author = {{Tory}, K.~J. and {Montgomery}, M.~T. and {Davidson}, N.~E. and 
	{Kepert}, J.~D.},
    title = "{Prediction and Diagnosis of Tropical Cyclone Formation in an NWP System. Part II: A Diagnosis of Tropical Cyclone Chris Formation}",
  journal = JAS,
     year = 2006,
    month = dec,
   volume = 63,
    pages = {3091-3113},
      doi = {10.1175/JAS3765.1},
   adsurl = {http://adsabs.harvard.edu/abs/2006JAtS...63.3091T},
  adsnote = {Provided by the SAO/NASA Astrophysics Data System}
}

@ARTICLE{TDM07,
   author = {{Tory}, K.~J. and {Davidson}, N.~E. and {Montgomery}, M.~T.},
    title = "{Prediction and Diagnosis of Tropical Cyclone Formation in an NWP System. Part III: Diagnosis of Developing and Nondeveloping Storms}",
  journal = JAS,
     year = 2007,
   volume = 64,
    pages = {3195-+},
      doi = {10.1175/JAS4023.1},
   adsurl = {http://adsabs.harvard.edu/abs/2007JAtS...64.3195T},
  adsnote = {Provided by the SAO/NASA Astrophysics Data System}
}

@ARTICLE{RE91,
   author = {{Reilly}, D. and {Emanuel}, K.},
    title = "{Evidence of Upper-Tropospheric Triggering of Tropical Cyclogenesis}",
  journal = {19th Hurricanes and Tropical Meteorology Conference, Miami},
     year = 1991,
    month = May,
    pages = {6-10 May 1991},
}

@ARTICLE{R92,
   author = {{Reilly}, D.},
    title = "{On the Role of Upper-Tropospheric Potential VOrticity Advection in Tropical Cyclone Formation:  Cases from 1991}",
  journal = {Master's Thesis},
     year = 1992,
    month = Sep,
    pages = {September 1992},
}

@ARTICLE{G79,
   author = {Gray, W. M.},
    title = "{Hurricanes: Their formation, structure and likely role in the tropical circulation}",
  journal = {Joint Conference, London},
     year = 1979,
    month = Aug,
    pages = {21-25 August 1978},
}


@ARTICLE{MF93,
   author = {{Montgomery}, M.~T. and {Farrell}, B.~F.},
    title = "{Tropical Cyclone Formation.}",
  journal = JAS,
     year = 1993,
    month = jan,
   volume = 50,
    pages = {285-310},
      doi = {10.1175/1520-0469(1993)050<0285:TCF>2.0.CO;2},
   adsurl = {http://adsabs.harvard.edu/abs/1993JAtS...50..285M},
  adsnote = {Provided by the SAO/NASA Astrophysics Data System}
}


@ARTICLE{SH77,
   author = {{Shapiro}, L.~J.},
    title = "{Tropical Storm Formation from Easterly Waves: A Criterion for Development.}",
  journal = JAS,
     year = 1977,
    month = jul,
   volume = 34,
    pages = {1007-1022},
      doi = {10.1175/1520-0469(1977)034<1007:TSFFEW>2.0.CO;2},
   adsurl = {http://adsabs.harvard.edu/abs/1977JAtS...34.1007S},
  adsnote = {Provided by the SAO/NASA Astrophysics Data System}
}

@ARTICLE{PC81,
   author = {{Pfeffer}, R.~L. and {Challa}, M.},
    title = "{A Numerical Study of the Role of Eddy Fluxes of Momentum in the Development of Atlantic Hurricanes.}",
  journal = JAS,
     year = 1981,
    month = nov,
   volume = 38,
    pages = {2393-2398},
      doi = {10.1175/1520-0469(1981)038<2393:ANSOTR>2.0.CO;2},
   adsurl = {http://adsabs.harvard.edu/abs/1981JAtS...38.2393P},
  adsnote = {Provided by the SAO/NASA Astrophysics Data System}
}


@ARTICLE{HMD04,
   author = {{Hendricks}, E.~A. and {Montgomery}, M.~T. and {Davis}, C.~A.
	},
    title = "{The Role of ``Vortical" Hot Towers in the Formation of Tropical Cyclone Diana (1984).}",
  journal = JAS,
     year = 2004,
    month = jun,
   volume = 61,
    pages = {1209-1232},
      doi = {10.1175/1520-0469(2004)061<1209:TROVHT>2.0.CO;2},
   adsurl = {http://adsabs.harvard.edu/abs/2004JAtS...61.1209H},
  adsnote = {Provided by the SAO/NASA Astrophysics Data System}
}

@ARTICLE{M81,
   author = {{McBride}, J.~L.},
    title = "{Observational Analysis of Tropical Cyclone Formation. Part III: Budget Analysis.}",
  journal = JAS,
     year = 1981,
    month = jun,
   volume = 38,
    pages = {1152-1166},
      doi = {10.1175/1520-0469(1981)038<1152:OAOTCF>2.0.CO;2},
   adsurl = {http://adsabs.harvard.edu/abs/1981JAtS...38.1152M},
  adsnote = {Provided by the SAO/NASA Astrophysics Data System}
}

@ARTICLE{CP90,
   author = {{Challa}, M. and {Pfeffer}, R.~L.},
    title = "{Formation of Atlantic Hurricanes from Cloud Clusters and Depressions.}",
  journal = JAS,
     year = 1990,
    month = apr,
   volume = 47,
    pages = {909-928},
      doi = {10.1175/1520-0469(1990)047<0909:FOAHFC>2.0.CO;2},
   adsurl = {http://adsabs.harvard.edu/abs/1990JAtS...47..909C},
  adsnote = {Provided by the SAO/NASA Astrophysics Data System}
}

@ARTICLE{LI03,
   author = {{Li}, T. and {Fu}, B. and {Ge}, X. and {Wang}, B. and {Peng}, M.
	},
    title = "{Satellite data analysis and numerical simulation of tropical cyclone formation}",
  journal = GRL,
     year = 2003,
    month = nov,
   volume = 30,
   number = 21,
    pages = {210000-1},
      doi = {10.1029/2003GL018556},
   adsurl = {http://adsabs.harvard.edu/abs/2003GeoRL..30uASC9L},
  adsnote = {Provided by the SAO/NASA Astrophysics Data System}
}

@ARTICLE{FU07,
   author = {{Fu}, B. and {Li}, T. and {Peng}, M.~S. and {Weng}, F.},
    title = "{Analysis of Tropical Cyclogenesis in the Western North Pacific for 2000 and 2001*}",
  journal = {Weather and Forecasting},
     year = 2007,
   volume = 22,
    pages = {763-+},
      doi = {10.1175/WAF1013.1},
   adsurl = {http://adsabs.harvard.edu/abs/2007WtFor..22..763F},
  adsnote = {Provided by the SAO/NASA Astrophysics Data System}
}

@ARTICLE{MC89,
   author = {{Mak}, M. and {Cai}, M.},
    title = "{Local Barotropic Instability.}",
  journal = JAS,
     year = 1989,
    month = nov,
   volume = 46,
    pages = {3289-3311},
      doi = {10.1175/1520-0469(1989)046<3289:LBI>2.0.CO;2},
   adsurl = {http://adsabs.harvard.edu/abs/1989JAtS...46.3289M},
  adsnote = {Provided by the SAO/NASA Astrophysics Data System}
}


@ARTICLE{MDB08,
   author = {{McTaggart-Cowan}, R. and {Deane}, G.~D. and {Bosart}, L.~F. and 
	{Davis}, C.~A. and {Galarneau}, T.~J.},
    title = "{Climatology of Tropical Cyclogenesis in the North Atlantic (1948 2004)}",
  journal = MWR,
     year = 2008,
   volume = 136,
    pages = {1284-+},
      doi = {10.1175/2007MWR2245.1},
   adsurl = {http://adsabs.harvard.edu/abs/2008MWRv..136.1284M},
  adsnote = {Provided by the SAO/NASA Astrophysics Data System}
}

@ARTICLE{SK08,
   author = {{Serra}, Y.~L. and {Kiladis}, G.~N. and {Cronin}, M.~F.},
    title = "{Horizontal and Vertical Structure of Easterly Waves in the Pacific ITCZ}",
  journal = JAS,
     year = 2008,
   volume = 65,
    pages = {1266-+},
      doi = {10.1175/2007JAS2341.1},
   adsurl = {http://adsabs.harvard.edu/abs/2008JAtS...65.1266S},
  adsnote = {Provided by the SAO/NASA Astrophysics Data System}
}



@ARTICLE{DMW09,
   author = {{Dunkerton}, T.~J. and {Montgomery}, M.~T. and {Wang}, Z.},
    title = "{Tropical cyclogenesis in a tropical wave critical layer: easterly waves}",
  journal = ACPD,
     year = 2009,
    month = aug,
   volume = 9,
    pages = {5587-5646},
}

@ARTICLE{PLJ98,
   author = {Pasch, R. J. and L. A. Avilla and J-G Jiing},
    title = "{Atlantic Tropical Systems of 1994 and 1995: A Comparison of a Quiet Season to a Near-Record-Breaking One}",
  journal = MWR,
     year = 1998,
   volume = 126,
    pages = {1106-1123},
}

@ARTICLE{OK91,
   author = {{Orlanski}, I. and {Katzfey}, J.},
    title = "{The Life Cycle of a Cyclone Wave in the Southern Hemisphere. Part I: Eddy Energy Budget.}",
  journal = JAS,
     year = 1991,
    month = sep,
   volume = 48,
    pages = {1972-1998},
      doi = {10.1175/1520-0469(1991)048<1972:TLCOAC>2.0.CO;2},
   adsurl = {http://adsabs.harvard.edu/abs/1991JAtS...48.1972O},
  adsnote = {Provided by the SAO/NASA Astrophysics Data System}
}

@ARTICLE{HS1998,
       author = {{Hall}, Nicholas M.~J. and {Sardeshmukh}, Prashant D.},
        title = "{Is the Time-Mean Northern Hemisphere Flow Baroclinically Unstable?.}",
      journal = {Journal of Atmospheric Sciences},
         year = 1998,
        month = jan,
       volume = {55},
       number = {1},
        pages = {41-56},
          doi = {10.1175/1520-0469(1998)055<0041:ITTMNH>2.0.CO;2},
}


@ARTICLE{HKT06,
   author = {{Hall}, N.~M.~J. and {Kiladis}, G.~N. and {Thorncroft}, C.~D.
	},
    title = "{Three-Dimensional Structure and Dynamics of African Easterly Waves. Part II: Dynamical Modes}",
  journal = JAS,
     year = 2006,
    month = sep,
   volume = 63,
    pages = {2231-2245},
      doi = {10.1175/JAS3742.1},
   adsurl = {http://adsabs.harvard.edu/abs/2006JAtS...63.2231H},
  adsnote = {Provided by the SAO/NASA Astrophysics Data System}
}



@ARTICLE{THK08,
   author = {{Thorncroft}, C.~D. and {Hall}, N.~M.~J. and {Kiladis}, G.~N.},
    title = {Three-Dimensional Structure and Dynamics of African Easterly Waves. Part III: Genesis},
  journal = JAS,
     year = 2008,
   volume = 65,
    pages = {3596-3607},
      doi = {10.1175/2008JAS2575.1},
}


@ARTICLE{BT05,
   author = {{Berry}, G.~J. and {Thorncroft}, C.},
    title = "{Case Study of an Intense African Easterly Wave}",
  journal = MWR,
     year = 2005,
   volume = 133,
    pages = {752-766},
      doi = {10.1175/MWR2884.1},
   adsurl = {http://adsabs.harvard.edu/abs/2005MWRv..133..752B},
  adsnote = {Provided by the SAO/NASA Astrophysics Data System}
}



@ARTICLE{TH94b,
   author = {{Thorncroft}, C.~D. and {Hoskins}, B.~J.},
    title = "{An idealized study of African easterly waves. I: A linear view}",
  journal = QJRMS,
     year = 1994,
    month = jul,
   volume = 120,
    pages = {953-982},
      doi = {10.1002/qj.49712051809},
   adsurl = {http://adsabs.harvard.edu/abs/1994QJRMS.120..953T},
  adsnote = {Provided by the SAO/NASA Astrophysics Data System}
}




@ARTICLE{TB99,
   author = {{Thorncroft}, C.~D. and {Blackburn}, M.},
    title = "{Maintenansce of the African easterly jet}",
  journal = {Quarterly Journal of the Royal Meteorological Society},
     year = 1999,
    month = apr,
   volume = 125,
    pages = {763-786},
      doi = {10.1002/qj.49712555502},
   adsurl = {http://adsabs.harvard.edu/abs/1999QJRMS.125..763T},
  adsnote = {Provided by the SAO/NASA Astrophysics Data System}
}


@ARTICLE{DM00,
   author = {{Dickinson}, M. and {Molinari}, J.},
    title = "{Climatology of Sign Reversals of the Meridional Potential Vorticity Gradient over Africa and Australia}",
  journal = MWR,
     year = 2000,
   volume = 128,
    pages = {3890-3900},
      doi = {10.1175/1520-0493(2001)129<3890:COSROT>2.0.CO;2},
   adsurl = {http://adsabs.harvard.edu/abs/2000MWRv..128.3890D},
  adsnote = {Provided by the SAO/NASA Astrophysics Data System}
}



@ARTICLE{SH78,
   author = {{Simmons}, A.~J. and {Hoskins}, B.~J.},
    title = "{The Life Cycles of Some Nonlinear Baroclinic Waves.}",
  journal = JAS,
     year = 1978,
    month = mar,
   volume = 35,
    pages = {414-432},
      doi = {10.1175/1520-0469(1978)035<0414:TLCOSN>2.0.CO;2},
   adsurl = {http://adsabs.harvard.edu/abs/1978JAtS...35..414S},
  adsnote = {Provided by the SAO/NASA Astrophysics Data System}
}


@ARTICLE{LHK10,
   author = {{Leroux}, S. and {Hall}, N.~M.~J. and {Kiladis}, G.~N.},
    title = "{A climatological study of transient-mean-flow interactions over West Africa}",
  journal = QJRMS,
     year = 2010,
    month = jan,
   volume = 136,
    pages = {397-410},
      doi = {10.1002/qj.474},
   adsurl = {http://adsabs.harvard.edu/abs/2010QJRMS.136S.397L},
  adsnote = {Provided by the SAO/NASA Astrophysics Data System}
}


@ARTICLE{C93,
   author = {{Chang}, E.~K.~M.},
    title = "{Downstream Development of Baroclinic Waves As Inferred from Regression Analysis.}",
  journal = JAS,
     year = 1993,
    month = jul,
   volume = 50,
    pages = {2038-2053},
   adsurl = {http://adsabs.harvard.edu/abs/1993JAtS...50.2038C},
  adsnote = {Provided by the SAO/NASA Astrophysics Data System}
}


@ARTICLE{OC93,
   author = {{Orlanski}, I. and {Chang}, E.~K.~M.},
    title = "{Ageostrophic Geopotential Fluxes in Downstream and Upstream Development of Baroclinic Waves.}",
  journal = JAS,
     year = 1993,
    month = jan,
   volume = 50,
    pages = {212-225},
      doi = {10.1175/1520-0469(1993)050<0212:AGFIDA>2.0.CO;2},
   adsurl = {http://adsabs.harvard.edu/abs/1993JAtS...50..212O},
  adsnote = {Provided by the SAO/NASA Astrophysics Data System}
}



@ARTICLE{TH90,
   author = {{Thorncroft}, C.~D. and {Hoskins}, B.~J.},
    title = "{Frontal Cyclogenesis.}",
  journal = JAS,
     year = 1990,
    month = oct,
   volume = 47,
    pages = {2317-2336},
      doi = {10.1175/1520-0469(1990)047<2317:FC>2.0.CO;2},
   adsurl = {http://adsabs.harvard.edu/abs/1990JAtS...47.2317T},
  adsnote = {Provided by the SAO/NASA Astrophysics Data System}
}

@ARTICLE{SH79,
   author = {{Simmons}, A.~J. and {Hoskins}, B.~J.},
    title = "{The Downstream and Upstream Development of Unstable Baroclinic Waves.}",
  journal = JAS,
     year = 1979,
    month = jul,
   volume = 36,
    pages = {1239-1254},
      doi = {10.1175/1520-0469(1979)036<1239:TDAUDO>2.0.CO;2},
   adsurl = {http://adsabs.harvard.edu/abs/1979JAtS...36.1239S},
  adsnote = {Provided by the SAO/NASA Astrophysics Data System}
}

@ARTICLE{MTA06,
   author = {{Mekonnen}, A. and {Thorncroft}, C.~D. and {Aiyyer}, A.~R.},
    title = "{Analysis of Convection and Its Association with African Easterly Waves}",
  journal = JCLIM,
     year = 2006,
   volume = 19,
    pages = {5405-5421},
      doi = {10.1175/JCLI3920.1},
   adsurl = {http://adsabs.harvard.edu/abs/2006JCli...19.5405M},
  adsnote = {Provided by the SAO/NASA Astrophysics Data System}
}

@ARTICLE{HC08,
   author = {{Hsieh}, J.-S. and {Cook}, K.~H.},
    title = "{On the Instability of the African Easterly Jet and the Generation of African Waves: Reversals of the Potential Vorticity Gradient}",
  journal = JAS,
     year = 2008,
   volume = 65,
    pages = {2130-2151},
      doi = {10.1175/2007JAS2552.1},
   adsurl = {http://adsabs.harvard.edu/abs/2008JAtS...65.2130H},
  adsnote = {Provided by the SAO/NASA Astrophysics Data System}
}


@ARTICLE{HC07,
   author = {{Hsieh}, J.-S. and {Cook}, K.~H.},
    title = "{A Study of the Energetics of African Easterly Waves Using a Regional Climate Model}",
  journal = JAS,
     year = 2007,
   volume = 64,
    pages = {421-440},
      doi = {10.1175/JAS3851.1},
   adsurl = {http://adsabs.harvard.edu/abs/2007JAtS...64..421H},
  adsnote = {Provided by the SAO/NASA Astrophysics Data System}
}

@ARTICLE{HC05,
   author = {{Hsieh}, J.-S. and {Cook}, K.~H.},
    title = "{Generation of African Easterly Wave Disturbances: Relationship to the African Easterly Jet}",
  journal = MWR,
     year = 2005,
   volume = 133,
    pages = {1311-1327},
      doi = {10.1175/MWR2916.1},
   adsurl = {http://adsabs.harvard.edu/abs/2005MWRv..133.1311H},
  adsnote = {Provided by the SAO/NASA Astrophysics Data System}
}


@ARTICLE{LH09,
   author = {{Leroux}, S. and {Hall}, N.~M.~J.},
    title = "{On the Relationship between African Easterly Waves and the African Easterly Jet}",
  journal = JAS,
     year = 2009,
   volume = 66,
    pages = {2303-2316},
      doi = {10.1175/2009JAS2988.1},
   adsurl = {http://adsabs.harvard.edu/abs/2009JAtS...66.2303L},
  adsnote = {Provided by the SAO/NASA Astrophysics Data System}
}


@ARTICLE{NRR77,
   author = {{Norquist}, D.~C. and {Recker}, E.~E. and {Reed}, R.~J.},
    title = "{The Energetics of African Wave Disturbances as observed During Phase III of GATE}",
  journal = MWR,
     year = 1977,
   volume = 105,
    pages = {334-342},
      doi = {10.1175/1520-0493(1977)105<0334:TEOAWD>2.0.CO;2},
   adsurl = {http://adsabs.harvard.edu/abs/1977MWRv..105..334N},
  adsnote = {Provided by the SAO/NASA Astrophysics Data System}
}

@ARTICLE{OS93,
   author = {{Orlanski}, I. and {Sheldon}, J.},
    title = "{A Case of Downstream Baroclinic Development over Western North America}",
  journal = MWR,
     year = 1993,
   volume = 121,
    pages = {2929-2950},
      doi = {10.1175/1520-0493(1993)121<2929:ACODBD>2.0.CO;2},
   adsurl = {http://adsabs.harvard.edu/abs/1993MWRv..121.2929O},
  adsnote = {Provided by the SAO/NASA Astrophysics Data System}
}

@ARTICLE{CO93,
   author = {{Chang}, E.~K.~M. and {Orlanski}, I.},
    title = "{On the Dynamics of a Storm Track.}",
  journal = JAS,
     year = 1993,
    month = apr,
   volume = 50,
    pages = {999-1015},
      doi = {10.1175/1520-0469(1993)050<0999:OTDOAS>2.0.CO;2},
   adsurl = {http://adsabs.harvard.edu/abs/1993JAtS...50..999C},
  adsnote = {Provided by the SAO/NASA Astrophysics Data System}
}


@ARTICLE{CS62,
   author = {{Charney}, J.~G. and {Stern}, M.~E.},
    title = "{On the Stability of Internal Baroclinic Jets in a Rotating Atmosphere.}",
  journal = JAS,
     year = 1962,
    month = mar,
   volume = 19,
    pages = {159-172},
}

@ARTICLE{LHK11,
   author = {{Leroux}, S. and {Hall}, N.~M.~J. and {Kiladis}, G.~N.},
    title = "{Intermittent African Easterly Wave activity in a dry atmospheric model: influence of the extratropics.}",
  journal = JCLIM,
     year = 2011,
    month = oct,
   volume = 24,
    pages = {5378-5396},
      doi = {10.1175/JCLI-D-11-00049.1},
}


@ARTICLE{DUS11,
   author = {{Dee}, D.~P. and {Uppala}, S.~M. and {Simmons}, A.~J. and {Berrisford}, P. and 
	{Poli}, P. and {Kobayashi}, S. and {Andrae}, U. and {Balmaseda}, M.~A. and 
	{Balsamo}, G. and {Bauer}, P. and {Bechtold}, P. and {Beljaars}, A.~C.~M. and 
	{van de Berg}, L. and {Bidlot}, J. and {Bormann}, N. and {Delsol}, C. and 
	{Dragani}, R. and {Fuentes}, M. and {Geer}, A.~J. and {Haimberger}, L. and 
	{Healy}, S.~B. and {Hersbach}, H. and {H{\'o}lm}, E.~V. and 
	{Isaksen}, L. and {K{\aa}llberg}, P. and {K{\"o}hler}, M. and 
	{Matricardi}, M. and {McNally}, A.~P. and {Monge-Sanz}, B.~M. and 
	{Morcrette}, J.-J. and {Park}, B.-K. and {Peubey}, C. and {de Rosnay}, P. and 
	{Tavolato}, C. and {Th{\'e}paut}, J.-N. and {Vitart}, F.},
    title = "{The ERA-Interim reanalysis: configuration and performance of the data assimilation system}",
  journal = QJRMS,
     year = 2011,
    month = apr,
   volume = 137,
    pages = {553-597},
      doi = {10.1002/qj.828},
   adsurl = {http://adsabs.harvard.edu/abs/2011QJRMS.137..553D},
  adsnote = {Provided by the SAO/NASA Astrophysics Data System}
}



@ARTICLE{OS95,
   author = {{Orlanski}, I. and {Sheldon}, J.~P.},
    title = "{Stages in the energetics of baroclinic systems}",
  journal = {Tellus Series A},
     year = 1995,
    month = oct,
   volume = 47,
    pages = {605-628},
      doi = {10.1034/j.1600-0870.1995.00108.x},
   adsurl = {http://adsabs.harvard.edu/abs/1995TellA..47..605O},
  adsnote = {Provided by the SAO/NASA Astrophysics Data System}
}

@ARTICLE{PT99,
   author = {{Pytharoulis}, I. and {Thorncroft}, C.},
    title = "{The Low-Level Structure of African Easterly Waves in 1995}",
  journal = MWR,
     year = 1999,
   volume = 127,
    pages = {2266-2280},
      doi = {10.1175/1520-0493(1999)127<2266:TLLSOA>2.0.CO;2},
   adsurl = {http://adsabs.harvard.edu/abs/1999MWRv..127.2266P},
  adsnote = {Provided by the SAO/NASA Astrophysics Data System}
}

@ARTICLE{VTR11,
   author = {{Ventrice}, M.~J. and {Thorncroft}, C. and {Roundy}, P. E.},
    title = "{The Madden Julian Oscillation’s Influence on African Easterly Waves and
Downstream Tropical Cyclogenesis}",
  journal = MWR,
     year = 2011,
   volume = 139,
    pages = {2704-2722},
      doi = {},
}


@ARTICLE{HMR85,
   author = {{Hoskins}, B.~J. and {McIntyre}, M.~E. and {Robertson}, A.~W.
	},
    title = "{On the use and significance of isentropic potential vorticity maps}",
  journal = QJRMS,
     year = 1985,
    month = oct,
   volume = 111,
    pages = {877-946},
      doi = {10.1002/qj.49711147002},
   adsurl = {http://adsabs.harvard.edu/abs/1985QJRMS.111..877H},
  adsnote = {Provided by the SAO/NASA Astrophysics Data System}
}

@ARTICLE{MM05,
   author = {{Moore}, R.~W. and {Montgomery}, M.~T.},
    title = "{Analysis of an Idealized, Three-Dimensional Diabatic Rossby Vortex: A Coherent Structure of the Moist Baroclinic Atmosphere.}",
  journal = JAS,
     year = 2005,
    month = aug,
   volume = 62,
    pages = {2703-2725},
      doi = {10.1175/JAS3472.1},
}

@ARTICLE{NSM03,
   author = {{Nicholson}, S.~E. and {Some}, B. and {McCollum}, J. and {Nelkin}, E. and 
	{Klotter}, D. and {Berte}, Y. and {Diallo}, B.~M. and {Gaye}, I. and 
	{Kpabeba}, G. and {Ndiaye}, O. and {Noukpozounkou}, J.~N. and 
	{Tanu}, M.~M. and {Thiam}, A. and {Toure}, A.~A. and {Traore}, A.~K.
	},
    title = "{Validation of TRMM and Other Rainfall Estimates with a High-Density Gauge Dataset for West Africa. Part II: Validation of TRMM Rainfall Products.}",
  journal = JAM,
     year = 2003,
    month = oct,
   volume = 42,
    pages = {1355-1368},
      doi = {10.1175/1520-0450(2003)042<1355:VOTAOR>2.0.CO;2},
   adsurl = {http://adsabs.harvard.edu/abs/2003JApMe..42.1355N},
  adsnote = {Provided by the SAO/NASA Astrophysics Data System}
}


@ARTICLE{E49,
   author = {{Eady}, E.~T.},
    title = "{Long Waves and Cyclone Waves}",
  journal = {Tellus},
     year = 1949,
    month = aug,
   volume = 1,
    pages = {33-52},
   adsurl = {http://adsabs.harvard.edu/abs/1949Tell....1c..33E},
  adsnote = {Provided by the SAO/NASA Astrophysics Data System}
}

@ARTICLE{CLS02,
   author = {{Chang}, E.~K.~M. and {Lee}, S. and {Swanson}, K.~L.},
    title = "{Storm Track Dynamics.}",
  journal = JCLIM,
     year = 2002,
    month = aug,
   volume = 15,
    pages = {2163-2183},
      doi = {10.1175/1520-0442(2002)015<02163:STD>2.0.CO;2},
   adsurl = {http://adsabs.harvard.edu/abs/2002JCli...15.2163C},
  adsnote = {Provided by the SAO/NASA Astrophysics Data System}
}

@ARTICLE{R49,
   author = {{Rossby}, C.~G.},
    title = "{Dispersion of Planetary Waves in a Barotropic Atmosphere}",
  journal = {Tellus},
     year = 1949,
    month = feb,
   volume = 1,
    pages = {54-58},
   adsurl = {http://adsabs.harvard.edu/abs/1949Tell....1a..54R},
  adsnote = {Provided by the SAO/NASA Astrophysics Data System}
}


@ARTICLE{DHW11,
   author = {{Done}, J.~M. and {Holland}, G.~J. and {Webster}, P. J.},
    title = "{The Role of Wave Energy Accumulation in Tropical Cyclogenesis over the Tropical North Atlantic}",
  journal = {Climate Dynamics},
     year = 2011,
	month = feb,
    number = 3,
   volume = 36,
    pages = {753-767},
}


@ARTICLE{BT11,
   author = {{Berry}, G.~J. and {Thorncroft}, C.~D.},
    title = "{African Easterly Wave dynamics in a mesoscale numerical model: The Upscale Role of Convection}",
  journal = JAS,
     year = {????},
	month = {},
    number = {},
   volume = {},
    pages = {},
	doi   = {10.1175/JAS-D-11-099.1},
}

@ARTICLE{C06,
   author = {{Chen}, T.-C.},
    title = "{Characteristics of African Easterly Waves Depicted by ECMWF Reanalyses for 1991 2000}",
  journal = MWR,
     year = 2006,
   volume = 134,
    pages = {3539-3566},
      doi = {10.1175/MWR3259.1},
   adsurl = {http://adsabs.harvard.edu/abs/2006MWRv..134.3539C},
  adsnote = {Provided by the SAO/NASA Astrophysics Data System}
}



@ARTICLE{NL96,
   author = {{Nielsen-Gammon}, J.~W. and {Lefevre}, R.~J.},
    title = "{Piecewise Tendency Diagnosis of Dynamical Processes Governing the Development of an Upper-Tropospheric Mobile Trough.}",
  journal = JAS,
     year = 1996,
    month = nov,
   volume = 53,
    pages = {3120-3142},
      doi = {10.1175/1520-0469(1996)053<3120:PTDODP>2.0.CO;2},
}


@ARTICLE{LRH05,
   author = {{Lin}, Y.-L. and {Robertson}, K.~E. and {Hill}, C.~M.},
    title = "{Origin and Propagation of a Disturbance Associated with an African Easterly Wave as a Precursor of Hurricane Alberto (2000)}",
  journal = MWR,
     year = 2005,
   volume = 133,
    pages = {3276},
      doi = {10.1175/MWR3035.1},
}



@ARTICLE{BS84,
   author = {{Barnes}, G.~M. and {Sieckman}, K.},
    title = "{The Environment of Fast- and Slow-Moving Tropical Mesoscale Convective Cloud Lines}",
  journal = MWR,
     year = 1984,
   volume = 112,
    pages = {1782-1794},
      doi = {10.1175/1520-0493(1984)112<1782:TEOFAS>2.0.CO;2},
}


@ARTICLE{F70,
   author = {{Frank}, N.~L.},
    title = "{Atlantic Tropical Systems of 1969}",
  journal = MWR,
     year = 1970,
   volume = 98,
    pages = {307},
      doi = {10.1175/1520-0493(1970)098<0307:ATSO>2.3.CO;2},
}

@ARTICLE{DA13a,
   author = {{Diaz}, M.~L. and {Aiyyer}, A.},
    title = "{Energy Dispersion in African Easterly Waves}",
  journal = {JAS},
     year = 2013,
   volume = "70",
    pages = "130-145",
      doi = {10.1175/JAS-D-12-019.1},
}

@ARTICLE{F99,
   author = {{Fyfe}, J.~C.},
    title = "{Climate Simulations of African Easterly Waves.}",
  journal = JCLIM,
     year = 1999,
    month = jun,
   volume = 12,
    pages = {1747-1769},
      doi = {10.1175/1520-0442(1999)012<1747:CSOAEW>2.0.CO;2},
   adsurl = {http://adsabs.harvard.edu/abs/1999JCli...12.1747F},
}


@ARTICLE{BT12,
   author = {{Berry}, G.~J. and {Thorncroft}, C.~D.},
    title = "{African Easterly Wave Dynamics in a Mesoscale Numerical Model: The Upscale Role of Convection}",
  journal = JAS,
     year = 2012,
    month = apr,
   volume = 69,
    pages = {1267-1283},
}

@ARTICLE{CHT09,
   author = {{Cornforth}, R.~J. and {Hoskins}, B.~J. and {Thorncroft}, C.~D.
	},
    title = "{The impact of moist processes on the African easterly jet-African easterly wave system}",
  journal = {Quarterly Journal of the Royal Meteorological Society},
     year = 2009,
    month = apr,
   volume = 135,
    pages = {894-913},
      doi = {10.1002/qj.414},
   adsurl = {http://adsabs.harvard.edu/abs/2009QJRMS.135..894C},
}

@ARTICLE{RKH88,
   author = {{Reed}, R.~J. and {Klinker}, E. and {Hollingsworth}, A.},
    title = "{The structure and characteristics of African easterly wave disturbances as determined from the ECMWF operational analysis/forecast system}",
  journal = {Meteorology and Atmospheric Physics},
     year = 1988,
   volume = 38,
    pages = {22-33},
      doi = {10.1007/BF01029944},
}

@ARTICLE{BM91,
   author = {{Bartels}, D.~L. and {Maddox}, R.~A.},
    title = "{Midlevel Cyclonic Vortices Generated by Mesoseale Convective Systems}",
  journal = MWR,
     year = 1991,
   volume = 119,
    pages = {104},
      doi = {10.1175/1520-0493(1991)119<0104:MCVGBM>2.0.CO;2},
}

@ARTICLE{TH94c,
   author = {{Thorncroft}, C.~D. and {Hoskins}, B.~J.},
    title = "{An idealized study of African easterly waves. II: A nonlinear view}",
  journal = {Quarterly Journal of the Royal Meteorological Society},
     year = 1994,
    month = jul,
   volume = 120,
    pages = {983-1015},
      doi = {10.1002/qj.49712051810},
}

@article{T95,
  title={An idealized study of African easterly waves. III: More realistic basic states},
  author={Thorncroft, C.~D.},
  journal={Quarterly Journal of the Royal Meteorological Society},
  volume={121},
  number={527},
  pages={1589--1614},
  year={1995},
}




@ARTICLE{VT13,
   author = {{Ventrice}, M. and {Thorncroft}, C.~D.},
    title = "{The role of convectively coupled atmospheric Kelvin waves on African easterly wave activity}",
  journal = MWR,
     year = {in press},
   volume = {},
    pages = {},
      doi = {10.1175/1520-0493(1991)119<0104:MCVGBM>2.0.CO;2},
}

@ARTICLE{Y49,
   author = {{Yeh}, T.},
    title = "{On energy dispersion in the atmosphere}",
  journal = {JAS},
     year = {1949},
   volume = {6},
    pages = {1-16},
}

@ARTICLE{BTH07,
   author = {{Berry}, G. and {Thorncroft}, C. and {Hewson}, T.},
    title = "{African Easterly Waves during 2004--Analysis Using Objective Techniques}",
  journal = MWR,
     year = 2007,
   volume = 135,
    pages = {1251},
      doi = {10.1175/MWR3343.1},
}

@ARTICLE{SCSK91,
   author = {{Schubert}, W.~H. and {Ciesielski}, P.~E. and {Stevens}, D.~E. and 
	{Kuo}, H.-C.},
    title = "{Potential Vorticity Modeling of the ITCZ and the Hadley Circulation.}",
  journal = JAS,
     year = 1991,
    month = jun,
   volume = 48,
    pages = {1493-1509},
      doi = {10.1175/1520-0469(1991)048<1493:PVMOTI>2.0.CO;2},
}

@ARTICLE{H49,
   author = {{Hovm{\"o}ller}, E.},
    title = "{The Trough-and-Ridge Diagram}",
  journal = {Tellus},
     year = 1949,
    month = may,
   volume = 1,
    pages = {62},
}


@article {HL03,
	author = {Hill, Christopher M. and Lin, Yuh-Lang},
	title = {Initiation of a mesoscale convective complex over the Ethiopian Highlands preceding the genesis of Hurricane Alberto (2000)},
	journal = {Geophysical Research Letters},
	volume = {30},
	number = {5},
	issn = {1944-8007},
	doi = {10.1029/2002GL016655},
	year = {2003},
}

@ARTICLE{C93a,
   author = {{Chang}, C.~B.},
    title = "{Impact of Desert Environment on the Genesis of African Wave Disturbances.}",
  journal = JAS,
     year = 1993,
    month = jul,
   volume = 50,
    pages = {2137-2145},
}

@article{B66,
  title={Critical layer instability in baroclinic flows},
  author={{Bretherton}, F.~P.},
  journal={Quarterly Journal of the Royal Meteorological Society},
  volume={92},
  number={393},
  pages={325--334},
  year={1966},
}

@ARTICLE{M79,
   author = {{Mass}, C.},
    title = "{A Linear Primitive Equation Model of African Wave Disturbances.}",
  journal = JAS,
     year = 1979,
    month = nov,
   volume = 36,
    pages = {2075-2092},
      doi = {10.1175/1520-0469(1979)036<2075:ALPEMO>2.0.CO;2},
   adsurl = {http://adsabs.harvard.edu/abs/1979JAtS...36.2075M},
  adsnote = {Provided by the SAO/NASA Astrophysics Data System}
}

@ARTICLE{M77,
   author = {{Merkine}, L.-O.},
    title = "{Convective and absolute instability of baroclinic eddies}",
  journal = {Geophysical and Astrophysical Fluid Dynamics},
     year = 1977,
   volume = 9,
    pages = {129-157},
      doi = {10.1080/03091927708242322},
   adsurl = {http://adsabs.harvard.edu/abs/1977GApFD...9..129M},
  adsnote = {Provided by the SAO/NASA Astrophysics Data System}
}


@ARTICLE{F82,
   author = {{Farrell}, B.~F.},
    title = "{Pulse Asymptotics of the Charney Baroclinic Instability Problem.}",
  journal = JAS,
     year = 1982,
    month = mar,
   volume = 39,
    pages = {507-517},
      doi = {10.1175/1520-0469(1982)039<0507:PAOTCB>2.0.CO;2},
   adsurl = {http://adsabs.harvard.edu/abs/1982JAtS...39..507F},
  adsnote = {Provided by the SAO/NASA Astrophysics Data System}
}



@ARTICLE{F83,
   author = {{Farrell}, B.~F.},
    title = "{Pulse Asymptotics of Three-Dimensional Baroclinic Waves.}",
  journal = JAS,
     year = 1983,
    month = sep,
   volume = 40,
    pages = {2202-2210},
      doi = {10.1175/1520-0469(1983)040<2202:PAOTDB>2.0.CO;2},
   adsurl = {http://adsabs.harvard.edu/abs/1983JAtS...40.2202F},
  adsnote = {Provided by the SAO/NASA Astrophysics Data System}
}


@ARTICLE{H03,
   author = {{Hakim}, G.~J.},
    title = "{Developing Wave Packets in the North Pacific Storm Track}",
  journal = MWR,
     year = 2003,
   volume = 131,
    pages = {2824},
      doi = {10.1175/1520-0493(2003)131<2824:DWPITN>2.0.CO;2},
   adsurl = {http://adsabs.harvard.edu/abs/2003MWRv..131.2824H},
  adsnote = {Provided by the SAO/NASA Astrophysics Data System}
}

@ARTICLE{SP94,
   author = {{Swanson}, K. and {Pierrehumbert}, R.~T.},
    title = "{Nonlinear Wave Packet Evolution on a Baroclinicaily Unstable Jet.}",
  journal = JAS,
     year = 1994,
    month = feb,
   volume = 51,
    pages = {384-396},
      doi = {10.1175/1520-0469(1994)051<0384:DCCISF>2.0.CO;2},
   adsurl = {http://adsabs.harvard.edu/abs/1994JAtS...51..384S},
  adsnote = {Provided by the SAO/NASA Astrophysics Data System}
}

@ARTICLE{GNB02,
   author = {{Grist}, J.~P. and {Nicholson}, S.~E. and {Barcilon}, A.~I.},
    title = "{Easterly Waves over Africa. Part II: Observed and Modeled Contrasts between Wet and Dry Years}",
  journal = MWR,
     year = 2002,
   volume = 130,
    pages = {212},
      doi = {10.1175/1520-0493(2002)130<0212:EWOAPI>2.0.CO;2},
   adsurl = {http://adsabs.harvard.edu/abs/2002MWRv..130..212G},
  adsnote = {Provided by the SAO/NASA Astrophysics Data System}
}


@article{HM90,
  title={Local and global instabilities in spatially developing flows},
  author={Huerre, Patrick and Monkewitz, Peter A},
  journal={Annual Review of Fluid Mechanics},
  volume={22},
  number={1},
  pages={473--537},
  year={1990},
}


@article{MZ96,
  title={Lee vorticity production by large-scale tropical mountain ranges. Part II: A mechanism for the production of African waves},
  author={Mozer, Joel B and Zehnder, Joseph A},
  journal=JAS,
  volume={53},
  number={4},
  pages={539--549},
  year={1996},
}

@article{R76,
  title={The generation of African waves},
  author={Rennick, Mary Alice},
  journal={Journal of the Atmospheric Sciences},
  volume={33},
  number={10},
  pages={1955--1969},
  year={1976}
}

@article{P84,
  title={Local and global baroclinic instability of zonally varying flow},
  author={Pierrehumbert, RT},
  journal={Journal of the Atmospheric Sciences},
  volume={41},
  number={14},
  pages={2141--2162},
  year={1984}
}

@article{PS95,
  title={Baroclinic instability},
  author={Pierrehumbert, RT and Swanson, KL},
  journal={Annual review of fluid mechanics},
  volume={27},
  number={1},
  pages={419--467},
  year={1995},
}

@article{FR03,
  title={Spatiotemporal variability of the relation between African easterly waves and West African squall lines in 1998 and 1999},
  author={Fink, Andreas H and Reiner, Andreas},
  journal={Journal of Geophysical Research: Atmospheres (1984--2012)},
  volume={108},
  number={D11},
  year={2003},
}

@article{S77,
  title={A note on the instability of the African easterly jet},
  author={Simmons, AJ},
  journal={Journal of the Atmospheric Sciences},
  volume={34},
  number={10},
  pages={1670--1674},
  year={1977}
}

@book{B64,
  title={Electron-stream interaction with plasmas},
  author={Briggs, Richard J},
  volume={121},
  year={1964},
  publisher={MIT press Cambridge, MA}
}


@article{O70,
  title={A note on the vertical structure of the eddy exchange coefficient in the planetary boundary layer},
  author={O'Brien, James J},
  journal=JAS,
  volume={27},
  number={8},
  pages={1213--1215},
  year={1970}
}

@article{L55,
  title={Available potential energy and the maintenance of the general circulation},
  author={Lorenz, Edward N},
  journal={Tellus},
  volume={7},
  number={2},
  pages={157--167},
  year={1955},
}

@article{DA13b,
  title={The Genesis of African Easterly Waves by Upstream Development},
  author={Diaz, Michael and Aiyyer, Anantha},
  journal = JAS,
     year = 2013,
   volume = "70",
	number={11},
    pages = "3492-3512",
      doi = {10.1175/JAS-D-12-0342.1},

  
}

@ARTICLE{DA15,
       author = {{Diaz}, Michael and {Aiyyer}, Anantha},
        title = "{Absolute and Convective Instability of the African Easterly Jet}",
      journal = {Journal of Atmospheric Sciences},
         year = "2015",
        month = "May",
       volume = {72},
       number = {5},
        pages = {1805-1826},
          doi = {10.1175/JAS-D-14-0128.1},
       adsurl = {https://ui.adsabs.harvard.edu/abs/2015JAtS...72.1805D},
      adsnote = {Provided by the SAO/NASA Astrophysics Data System}
}

  

@article{CA14,
  title={Simulation of Long-lived African Easterly Wave and its Transformation to a Tropical Cyclone},
  author={Church, David and Aiyyer, Anantha},
  journal = {J. Atmos. Sc. (submitted)},
      year = 2014,

}
  

@ARTICLE{TA2012,
   author = {{Tyner}, B. and {Aiyyer}, A.},
    title = "{Evolution of African Easterly Waves in Potential Vorticity Fields}",
  journal = MWR,
     year = 2012,
    month = nov,
   volume = 140,
    pages = {3634-3652},
      doi = {10.1175/MWR-D-11-00170.1},
}








@ARTICLE{AMS2012,
   author = {{Aiyyer}, A. and {Mekonnen}, A. and {Schreck}, III, C.~J.},
    title = "{Projection of Tropical Cyclones on Wavenumber-Frequency-Filtered Equatorial Waves}",
  journal = JCLIM,
     year = 2012,
    month = may,
   volume = 25,
    pages = {3653-3658},
      doi = {10.1175/JCLI-D-11-00451.1},
}



@ARTICLE{R1945,
   author = {{Riehl}, H.},
    title = "{Waves in the Easterlies and the Polar Front in the Tropics}",
  journal =  {University of Chicago Misc. Rep.},
     year = 1945,
   volume = 17,
    pages = {79pp},

}

@ARTICLE{Duvel90,
   author = {{Duvel}, J.~P.},
    title = "{Convection over Tropical Africa and the Atlantic Ocean during Northern Summer. Part II: Modulation by Easterly Waves}",
  journal = MWR,
     year = 1990,
   volume = 118,
    pages = {1855},
      doi = {10.1175/1520-0493(1990)118<1855:COTAAT>2.0.CO;2},
}


@ARTICLE{GS2002,
   author = {{Grist}, J.~P. and {Nicholson}, S.~E. and {Barcilon}, A.~I.},
    title = "{Easterly Waves over Africa. Part II: Observed and Modeled Contrasts between Wet and Dry Years}",
  journal = MWR,
     year = 2002,
   volume = 130,
    pages = {212},
      doi = {10.1175/1520-0493(2002)130<0212:EWOAPI>2.0.CO;2},
}



@ARTICLE{NBCB07,
   author = {{Nicholson}, S.~E. and {Barcilon}, A.~I. and {Challa}, M. and 
	{Baum}, J.},
    title = "{Wave Activity on the Tropical Easterly Jet}",
  journal = JAS,
     year = 2007,
   volume = 64,
    pages = {2756},
      doi = {10.1175/JAS3946.1},
}

@ARTICLE{FR2003,
   author = {{Fink}, A.~H. and {Reiner}, A.},
    title = "{Spatiotemporal variability of the relation between African Easterly Waves and West African Squall Lines in 1998 and 1999}",
  journal = JGR,
     year = 2003,
    month = jun,
   volume = 108,
      eid = {4332},
    pages = {4332},
      doi = {10.1029/2002JD002816},
 }



@ARTICLE{Robinson06,
   author = {{Robinson}, W.~A.},
    title = "{On the Self-Maintenance of Midlatitude Jets.}",
  journal = JAS,
     year = 2006,
    month = aug,
   volume = 63,
    pages = {2109-2122},
      doi = {10.1175/JAS3732.1},
}


@ARTICLE{AM2012,
   author = {{Alaka}, Jr., G.~J. and {Maloney}, E.~D.},
    title = "{The Influence of the MJO on Upstream Precursors to African Easterly Waves}",
  journal = JCLIM,
     year = 2012,
    month = may,
   volume = 25,
    pages = {3219-3236},
      doi = {10.1175/JCLI-D-11-00232.1},
}





@ARTICLE{M2004,
   author = {{Matthews}, A.~J.},
    title = "{Intraseasonal Variability over Tropical Africa during Northern Summer.}",
  journal = JCLIM,
     year = 2004,
    month = jun,
   volume = 17,
    pages = {2427-2440},
      doi = {10.1175/1520-0442(2004)017<2427:IVOTAD>2.0.CO;2},
}

@ARTICLE{MDL2002,
   author = {{Mathon}, V. and {Diedhiou}, A. and {Laurent}, H.},
    title = "{Relationship between easterly waves and mesoscale convective systems over the Sahel}",
  journal = GRL,
 keywords = {Meteorology and Atmospheric Dynamics: Convective processes, Meteorology and Atmospheric Dynamics: Synoptic-scale meteorology, Meteorology and Atmospheric Dynamics: Tropical meteorology,},
     year = 2002,
    month = apr,
   volume = 29,
      eid = {1216},
    pages = {1216},
      doi = {10.1029/2001GL014371},
}

@ARTICLE{ML2001,
   author = {{Mathon}, V. and {Laurent}, H.},
    title = "{Life cycle of Sahelian mesoscale convective cloud systems}",
  journal = QJRMS,
     year = 2001,
    month = jan,
   volume = 127,
    pages = {377-406},
      doi = {10.1002/qj.49712757208},
}


@ARTICLE{LFN1999,
   author = {{Laing}, A.~G. and {Fritsch}, J.~M. and {Negri}, A.~J.},
    title = "{Contribution of Mesoscale Convective Complexes to Rainfall in Sahelian Africa: Estimates from Geostationary Infrared and Passive Microwave Data.}",
  journal = JAM,
     year = 1999,
    month = jul,
   volume = 38,
    pages = {957-964},
      doi = {10.1175/1520-0450(1999)038<0957:COMCCT>2.0.CO;2},
}

@ARTICLE{LF1997,
   author = {{Laing}, A.~G. and {Fritsch}, J.~M.},
    title = "{The global population of mesoscale convective complexes}",
  journal = QJRMS,
     year = 1997,
    month = jan,
   volume = 123,
    pages = {389-405},
      doi = {10.1002/qj.49712353807},
}

@ARTICLE{A2012,
   author = {{Aneja}, V. and {others} },
    title = "{U.S.--India Collaboration on Air Quality and Climate Research and Education}",
  journal = {EM, Air and Waste Management Association},
     year = 2012,
     pages = {30-36},
      doi = {10.1002/qj.49712353807},
}



@ARTICLE{PM1977,
   author = {{Payne}, S.~W. and {McGarry}, M.~M.},
    title = "{The Relationship of Satellite Inferred Convective Activity to Easterly Waves Over West Africa and the Adjacent Ocean During Phase III of GATE}",
  journal = MWR,
     year = 1977,
   volume = 105,
    pages = {413-420},
      doi = {10.1175/1520-0493(1977)105<0413:TROSIC>2.0.CO;2},
}
@ARTICLE{JT2012,
   author = {{Janiga}, M. and {Thorncroft}, C.~T.},
    title = "{Regional differences in the kinematic and thermodynamic structure of African easterly waves}",
  journal = QJRMS,
     year = 2012,
   volume = 139,
    pages = {1598-1614},
      doi = {DOI: 10.1002/qj.2047},
}


@ARTICLE{RM1993,
   author = {{Rowell}, D.~P. and {Milford}, J.~R.},
    title = "{On the Generation of African Squall Lines.}",
  journal = JCLIM,
     year = 1993,
    month = jun,
   volume = 6,
    pages = {1181-1193},
      doi = {10.1175/1520-0442(1993)006<1181:OTGOAS>2.0.CO;2},
}


@ARTICLE{C2010,
   author = {{Cifelli}, R. and {Lang}, T. and {Rutledge}, S.~A. and {Guy}, N. and 
	{Zipser}, E.~J. and {Zawislak}, J. and {Holzworth}, R.},
    title = "{Characteristics of an African Easterly Wave Observed during NAMMA}",
  journal = JAS,
     year = 2010,
   volume = 67,
    pages = {3},
      doi = {10.1175/2009JAS3141.1},
}

@ARTICLE{ZZ2010,
   author = {{Zawislak}, J. and {Zipser}, E.~J.},
    title = "{Observations of Seven African Easterly Waves in the East Atlantic during 2006}",
  journal =JAS,
     year = 2010,
   volume = 67,
    pages = {26},
      doi = {10.1175/2009JAS3118.1},
}

@ARTICLE{C1999,
   author = {{Cook}, K.~H.},
    title = "{Generation of the African Easterly Jet and Its Role in Determining West African Precipitation.}",
  journal = JCLIM,
     year = 1999,
    month = may,
   volume = 12,
    pages = {1165-1184},
      doi = {10.1175/1520-0442(1999)012<1165:GOTAEJ>2.0.CO;2},
}

@ARTICLE{MR2011,
   author = {{Mekonnen}, A. and {Rossow}, W.~B.},
    title = "{The Interaction Between Deep Convection and Easterly Waves over Tropical North Africa: A Weather State Perspective}",
  journal = JCLIM,
     year = 2011,
    month = aug,
   volume = 24,
    pages = {4276-4294},
      doi = {10.1175/2011JCLI3900.1},
}

@ARTICLE{EFT87,
   author = {{Emanuel}, K.~A. and {Fantini}, M. and {Thorpe}, A.~J.},
    title = "{Baroclinic Instability in an Environment of Small Stability to Slantwise Moist Convection. Part I: Two-Dimensional Models.}",
  journal = JAS,
     year = 1987,
    month = jun,
   volume = 44,
    pages = {1559-1573},
      doi = {10.1175/1520-0469(1987)044<1559:BIIAEO>2.0.CO;2},
}

@ARTICLE{GBS92,
   author = {{Gutowski}, Jr., W.~J. and {Branscome}, L.~E. and {Stewart}, D.~A.
	},
    title = "{Life Cycles of Moist Baroclinic Eddies.}",
  journal = JAS,
     year = 1992,
    month = feb,
   volume = 49,
    pages = {306-319},
      doi = {10.1175/1520-0469(1992)049<0306:LCOMBE>2.0.CO;2},
}


@ARTICLE{O2011,
   author = {{O'Gorman}, P.~A.},
    title = "{The Effective Static Stability Experienced by Eddies in a Moist Atmosphere}",
  journal =JAS,
     year = 2011,
    month = jan,
   volume = 68,
    pages = {75-90},
      doi = {10.1175/2010JAS3537.1},
}

@ARTICLE{SJ2010,
   author = {{Schwendike}, J. and {Jones}, S.~C.},
    title = "{Convection in an African Easterly Wave over West Africa and the eastern Atlantic: A model case study of Helene (2006)}",
  journal = QJRMS,
     year = 2010,
    month = jan,
   volume = 136,
    pages = {364-396},
      doi = {10.1002/qj.566},
}




@ARTICLE{CWC2008,
   author = {{Chen}, T.-C. and {Wang}, S.-Y. and {Clark}, A.~J.},
    title = "{North Atlantic Hurricanes Contributed by African Easterly Waves North and South of the African Easterly Jet}",
  journal =JCLIM,
     year = 2008,
   volume = 21,
    pages = {6767},
      doi = {10.1175/2008JCLI2523.1},
}



@ARTICLE{Fink2012,
   author = {{Fink}, A. H.},
    title = "{To the 75th anniversary of the discovery of African Easterly Waves
}",
  journal = {30th Conference on Hurricanes and Tropical Meteorology, April 14 - 20, 2012. Ponte Vedra Beach, FL},
     year = 2012,
}


@ARTICLE{PT95,
   author = {{Parker}, D.~J. and {Thorpe}, A.~J.},
    title = "{Conditional Convective Heating in a Baroclinic Atmosphere: A Model of Convective Frontogenesis.}",
  journal = JAS,
     year = 1995,
    month = may,
   volume = 52,
    pages = {1699-1711},
      doi = {10.1175/1520-0469(1995)052<1699:CCHIAB>2.0.CO;2},
}



@ARTICLE{MMD13,
   author = {{Moore}, R.~W. and {Montgomery}, M.~T. and {Davies}, H.},
    title = "{Genesis Criteria for Diabatic Rossby Vortices: A Model Study}",
  journal = MWR,
     year = 2013,
    month = jan,
   volume = 141,
    pages = {252-263},
      doi = {10.1175/MWR-D-12-00080.1},
}


@ARTICLE{RJ90,
   author = {{Raymond}, D.~J. and {Jiang}, H.},
    title = "{A Theory for Long-Lived Mesoscale Convective Systems.}",
  journal = JAS,
     year = 1990,
    month = dec,
   volume = 47,
    pages = {3067-3077},
      doi = {10.1175/1520-0469(1990)047<3067:ATFLLM>2.0.CO;2},
}



@ARTICLE{WRS2013,
   author = {{Wu}, M.-L.~C. and {Reale}, O. and {Schubert}, S.~D.},
    title = "{A Characterization of African Easterly Waves on 2.5-6-Day and 6-9-Day Time Scales}",
  journal = {Journal of Climate},
     year = 2013,
    month = sep,
   volume = 26,
    pages = {6750-6774},
      doi = {10.1175/JCLI-D-12-00336.1},
}

@ARTICLE{WRS2012,
   author = {{Wu}, M.-L.~C. and {Reale}, O. and {Schubert}, S.~D. and {Suarez}, M.~J. and 
	{Thorncroft}, C.~D.},
    title = "{African Easterly Jet: Barotropic Instability, Waves, and Cyclogenesis}",
  journal = {Journal of Climate},
     year = 2012,
    month = mar,
   volume = 25,
    pages = {1489-1510},
      doi = {10.1175/2011JCLI4241.1},
}



@ARTICLE{VZ2009a,
   author = {{Vizy}, E.~K. and {Cook}, K.~H.},
    title = "{A mechanism for African monsoon breaks: Mediterranean cold air surges}",
  journal = {Journal of Geophysical Research (Atmospheres)},
 keywords = {Atmospheric Processes: Climate change and variability (1616, 1635, 3309, 4215, 4513), Global Change: Climate dynamics (0429, 3309), Global Change: Climate variability (1635, 3305, Atmospheric Processes: Tropical meteorology, African rainfall variability, Sahel, cold air surges},
     year = 2009,
    month = jan,
   volume = 114,
      eid = {D01104},
    pages = {D01104},
      doi = {10.1029/2008JD010654},
}


@ARTICLE{VC2009b,
   author = {{Vizy}, E.~K. and {Cook}, K.~H.},
    title = "{Tropical Storm Development from African Easterly Waves in the Eastern Atlantic: A Comparison of Two Successive Waves Using a Regional Model as Part of NASA AMMA 2006}",
  journal = {Journal of Atmospheric Sciences},
     year = 2009,
   volume = 66,
    pages = {3313},
      doi = {10.1175/2009JAS3064.1},
}


@ARTICLE{CRL2010,
   author = {{Chauvin}, F. and {Roehrig}, R. and {Lafore}, J.-P.},
    title = "{Intraseasonal Variability of the Saharan Heat Low and Its Link with Midlatitudes}",
  journal = {Journal of Climate},
     year = 2010,
    month = may,
   volume = 23,
    pages = {2544-2561},
      doi = {10.1175/2010JCLI3093.1},
   adsurl = {http://cdsads.u-strasbg.fr/abs/2010JCli...23.2544C},
  adsnote = {Provided by the SAO/NASA Astrophysics Data System}
}

@ARTICLE{GNC2016,
   author = {{Grogan}, D.~F.~P. and {Nathan}, T.~R. and {Chen}, S.-H.},
    title = "{Effects of Saharan Dust on the Linear Dynamics of African Easterly Waves}",
  journal = {Journal of Atmospheric Sciences},
     year = 2016,
    month = feb,
   volume = 73,
    pages = {891-911},
      doi = {10.1175/JAS-D-15-0143.1},
}

@ARTICLE{GNC2017,
   author = {{Grogan}, D.~F.~P. and {Nathan}, T.~R. and {Chen}, S.-H.},
    title = "{Saharan Dust and the Nonlinear Evolution of the African Easterly Jet-African Easterly Wave System}",
  journal = {Journal of Atmospheric Sciences},
     year = 2017,
    month = jan,
   volume = 74,
    pages = {27-47},
      doi = {10.1175/JAS-D-16-0118.1},
}

@ARTICLE{NGC2017,
   author = {{Nathan}, T.~R. and {Grogan}, D.~F.~P. and {Chen}, S.-H.},
    title = "{Subcritical Destabilization of African Easterly Waves by Saharan Mineral Dust}",
  journal = {Journal of Atmospheric Sciences},
     year = 2017,
    month = apr,
   volume = 74,
    pages = {1039-1055},
      doi = {10.1175/JAS-D-16-0247.1},
}

ARTICLE{SCSK1991,
   author = {{Schubert}, W.~H. and {Ciesielski}, P.~E. and {Stevens}, D.~E. and 
	{Kuo}, H.-C.},
    title = "{Potential Vorticity Modeling of the ITCZ and the Hadley Circulation.}",
  journal = {Journal of Atmospheric Sciences},
     year = 1991,
    month = jun,
   volume = 48,
    pages = {1493-1509},
      doi = {10.1175/1520-0469(1991)048<1493:PVMOTI>2.0.CO;2},
}


@ARTICLE{HS1991,
   author = {{Hertenstein}, R.~F.~A. and {Schubert}, W.~H.},
    title = "{Potential Vorticity Anomalies Associated with Squall Lines}",
  journal = MWR,
     year = 1991,
   volume = 119,
    pages = {1663},
      doi = {10.1175/1520-0493(1991)119<1663:PVAAWS>2.0.CO;2},
}

@ARTICLE{SMA2012,
       author = {{Schreck}, Carl J., III and {Molinari}, John and {Aiyyer}, Anantha},
        title = "{A Global View of Equatorial Waves and Tropical Cyclogenesis}",
      journal = {Monthly Weather Review},
         year = "2012",
        month = "Mar",
       volume = {140},
       number = {3},
        pages = {774-788},
          doi = {10.1175/MWR-D-11-00110.1},
}

@INPROCEEDINGS{DSA2009,
       author = {{Diaz}, M. and {Semazzi}, F. and {Aiyyer}, A.~R.},
        title = "{Isentropic descent beneath the Saharan Air Layer and its impact on tropical cyclogenesis}",
     keywords = {3309 ATMOSPHERIC PROCESSES / Climatology, 3364 ATMOSPHERIC PROCESSES / Synoptic-scale meteorology, 3374 ATMOSPHERIC PROCESSES / Tropical meteorology},
    booktitle = {AGU Fall Meeting Abstracts},
         year = "2009",
       volume = {2009},
        month = "Dec",
          eid = {A52B-02},
        pages = {A52B-02},
       adsurl = 
}



@INPROCEEDINGS{Diaz2009,
       author = {{Diaz}, M.},
        title = "{Isentropic descent beneath the Saharan Air Layer and its impact on tropical cyclogenesis}",
     keywords = {3309 ATMOSPHERIC PROCESSES / Climatology, 3364 ATMOSPHERIC PROCESSES / Synoptic-scale meteorology, 3374 ATMOSPHERIC PROCESSES / Tropical meteorology},
    booktitle = {NCSU Thesis},
         year = "2009",
       volume = {2009},
        month = "Dec",
          eid = {A52B-02},
        pages = {1-144},
       adsurl = 
}


@ARTICLE{MVSD2000
   author = {{Molinari}, J. and {Vollaro}, D. and {Skubis}, S. and {Dickinson}, M.
	},
    title = "{Origins and Mechanisms of Eastern Pacific Tropical Cyclogenesis: A Case Study}",
  journal = {Monthly Weather Review},
     year = 2000,
   volume = 128,
    pages = {125},
      doi = {10.1175/1520-0493(2000)128<0125:OAMOEP>2.0.CO;2},
}


@article			{RAWH2017,
  title=			{{Revisiting the connection between African Easterly Waves and Atlantic tropical cyclogenesis}},
  author=			{Russell, James O and Aiyyer, Anantha and White, Joshua D and Hannah, Walter},
  journal=			GRL,
  year=				{2017},
  publisher=		{Wiley Online Library}
}

@article			{russell2019potential,
  title=			{{The Potential Vorticity Structure and Dynamics of African Easterly Waves}},
  author=			{Russell, James O and Aiyyer, Anantha},
  journal=			JAS,
  year=				{2019},
  note=             {Accepted pending revisions}
}

@article			{russell2019african,
  title=			{{African Easterly Waves Dynamics in Convection Permitting Simulations: The Role of Moist Convection}},
  author=			{Russell, James O and Aiyyer, Anantha and White, Joshua D},
  journal=			JAMES,
  year=				{2019},
  note=             {Accepted pending revisions}
}

@ARTICLE{RMA2017,
       author = {{Rydbeck}, Adam V. and {Maloney}, Eric D. and {Alaka}, Ghassan J., Jr.},
        title = "{In Situ Initiation of East Pacific Easterly Waves in a Regional Model}",
      journal = {Journal of Atmospheric Sciences},
         year = "2017",
        month = "Feb",
       volume = {74},
       number = {2},
        pages = {333-351},
          doi = {10.1175/JAS-D-16-0124.1},
}

@ARTICLE{Braun2010,
       author = {{Braun}, Scott A.},
        title = "{Reevaluating the Role of the Saharan Air Layer in Atlantic Tropical Cyclogenesis and Evolution}",
      journal = {Monthly Weather Review},
         year = "2010",
        month = "Jun",
       volume = {138},
       number = {6},
        pages = {2007-2037},
          doi = {10.1175/2009MWR3135.1},
}

@ARTICLE{NH1987,
       author = {{Neelin}, J. David and {Held}, Isaac M.},
        title = "{Modeling Tropical Convergence Based on the Moist Static Energy Budget}",
      journal = {Monthly Weather Review},
         year = "1987",
        month = "Jan",
       volume = {115},
       number = {1},
        pages = {3},
          doi = {10.1175/1520-0493(1987)115<0003:MTCBOT>2.0.CO;2},
       adsurl = {https://ui.adsabs.harvard.edu/abs/1987MWRv..115....3N},
      adsnote = {Provided by the SAO/NASA Astrophysics Data System}
}


@ARTICLE{KC1988,
       author = {{Karyampudi}, V. Mohan and {Carlson}, Toby N.},
        title = "{Analysis and Numerical Simulations of the Saharan Air Layer and Its Effect on Easterly Wave Disturbances.}",
      journal = {Journal of Atmospheric Sciences},
         year = "1988",
        month = "Nov",
       volume = {45},
       number = {21},
        pages = {3102-3136},
          doi = {10.1175/1520-0469(1988)045<3102:AANSOT>2.0.CO;2},
}

@ARTICLE{DV200D,
       author = {{Dunion}, Jason P. and {Velden}, Christopher S.},
        title = "{ARTICLES: The Impact of the Saharan Air Layer on Atlantic Tropical Cyclone Activity.}",
      journal = {Bulletin of the American Meteorological Society},
         year = "2004",
        month = "Mar",
       volume = {85},
       number = {3},
        pages = {353-365},
          doi = {10.1175/BAMS-85-3-353},
}

@ARTICLE{NGC2017,
       author = {{Nathan}, Terrence R. and {Grogan}, Dustin F.~P. and {Chen}, Shu-Hua},
        title = "{Subcritical Destabilization of African Easterly Waves by Saharan Mineral Dust}",
      journal = {Journal of Atmospheric Sciences},
         year = "2017",
        month = "Apr",
       volume = {74},
       number = {4},
        pages = {1039-1055},
          doi = {10.1175/JAS-D-16-0247.1},
}


@ARTICLE{TCPC2013,
       author = {{Tsamalis}, C. and {Ch{\'e}din}, A. and {Pelon}, J. and {Capelle}, V.},
        title = "{The seasonal vertical distribution of the Saharan Air Layer and its modulation by the wind}",
      journal = {Atmospheric Chemistry \& Physics},
         year = "2013",
        month = "Nov",
       volume = {13},
       number = {22},
        pages = {11235-11257},
          doi = {10.5194/acp-13-11235-2013},
}

@ARTICLE{TBS2018,
       author = {{Tao}, Zhining and {Braun}, Scott A. and {Shi}, Jainn J. and
         {Chin}, Mian and {Kim}, Dongchul and {Matsui}, Toshihisa and
         {Peters-Lidard}, Christa D.},
        title = "{Microphysics and Radiation Effect of Dust on Saharan Air Layer: An HS3 Case Study}",
      journal = {Monthly Weather Review},
         year = "2018",
        month = "Jun",
       volume = {146},
       number = {6},
        pages = {1813-1835},
          doi = {10.1175/MWR-D-17-0279.1},
}

@ARTICLE{LZC2008,
       author = {{Liu}, Chuntao and {Zipser}, Edward J. and {Cecil}, Daniel J. and
         {Nesbitt}, Stephen W. and {Sherwood}, Steven},
        title = "{A Cloud and Precipitation Feature Database from Nine Years of TRMM Observations}",
      journal = {Journal of Applied Meteorology and Climatology},
         year = "2008",
        month = "Jan",
       volume = {47},
       number = {10},
        pages = {2712},
          doi = {10.1175/2008JAMC1890.1},
       adsurl = {https://ui.adsabs.harvard.edu/abs/2008JApMC..47.2712L},
      adsnote = {Provided by the SAO/NASA Astrophysics Data System}
}




@ARTICLE{BK2013,
       author = {{Blake}, Eric S. and {Kimberlain}, Todd B.},
        title = "{Eastern North Pacific Hurricane Season of 2011}",
      journal = {Monthly Weather Review},
         year = "2013",
        month = "May",
       volume = {141},
       number = {5},
        pages = {1397-1412},
          doi = {10.1175/MWR-D-12-00192.1},
}

@ARTICLE{BR2014,
       author = {{Berry}, Gareth and {Reeder}, Michael J.},
        title = "{Objective Identification of the Intertropical Convergence Zone: Climatology and Trends from the ERA-Interim}",
      journal = {Journal of Climate},
         year = "2014",
        month = "Mar",
       volume = {27},
       number = {5},
        pages = {1894-1909},
          doi = {10.1175/JCLI-D-13-00339.1},
}

@ARTICLE{WR2016,
       author = {{Wodzicki}, K.~R. and {Rapp}, A.~D.},
        title = "{Long-term characterization of the Pacific ITCZ using TRMM, GPCP, and ERA-Interim}",
      journal = {Journal of Geophysical Research (Atmospheres)},
     keywords = {Intertropical Convergence Zone, ITCZ width, precipitation trends, tropical Pacific, Hadley circulation},
         year = "2016",
        month = "Apr",
       volume = {121},
       number = {7},
        pages = {3153-3170},
          doi = {10.1002/2015JD024458},
}


@ARTICLE{KK07,
       author = {{Knapp}, K.~R. and {Kossin}, J.~P.},
        title = "{New global tropical cyclone data from ISCCP B1 geostationary satellite observations. }",
      journal = {J. Appl. Remote Sens.,},
         year = "2007",
       volume = {1},
          doi = {doi:10.1117/1.2712816},
}

@ARTICLE{WM2005,
       author = {{Wang}, Chia-Chi and {Magnusdottir}, Gudrun},
        title = "{ITCZ Breakdown in Three-Dimensional Flows.}",
      journal = {Journal of Atmospheric Sciences},
         year = "2005",
        month = "May",
       volume = {62},
       number = {5},
        pages = {1497-1512},
          doi = {10.1175/JAS3409.1},
}

@ARTICLE{PCS2018,
       author = {{Patricola}, Christina M. and {Saravanan}, R. and {Chang}, Ping},
        title = "{The Response of Atlantic Tropical Cyclones to Suppression of African Easterly Waves}",
      journal = {\grl},
     keywords = {tropical cyclones, tropical cyclogenesis, African easterly waves, climate variability},
         year = "2018",
        month = "Jan",
       volume = {45},
       number = {1},
        pages = {471-479},
          doi = {10.1002/2017GL076081},
}





@INPROCEEDINGS{ARW18,
       author = {{Aiyyer}, A. and {Russell}, J. and {White}, J D.},
        title = "{Do Easterly Waves Matter for Atlantic Tropical Cyclogenesis?}",
     keywords = {3309 ATMOSPHERIC PROCESSES / Climatology, 3364 ATMOSPHERIC PROCESSES / Synoptic-scale meteorology, 3374 ATMOSPHERIC PROCESSES / Tropical meteorology},
    booktitle = {33rd Conference on Hurricanes and Tropical Meteorology},
         year = "2018",
       volume = {2018},
        month = "April",
}

@ARTICLE{SEHFT2017,
       author = {{Senghor}, Habib and {Machu}, {\'E}ric and {Hourdin}, Fr{\'e}d{\'e}ric and
         {Thierno Gaye}, Amadou},
        title = "{Seasonal cycle of desert aerosols in western Africa: analysis of the coastal transition with passive and active sensors}",
      journal = {Atmospheric Chemistry \& Physics},
         year = "2017",
        month = "Jul",
       volume = {17},
       number = {13},
        pages = {8395-8410},
          doi = {10.5194/acp-17-8395-2017},
}

@ARTICLE{MREOBO2018,
       author = {{Marenco}, Franco and {Ryder}, Claire and {Estell{\'e}s}, Victor and
         {O'Sullivan}, Debbie and {Brooke}, Jennifer and {Orgill}, Luke and
         {Lloyd}, Gary and {Gallagher}, Martin},
        title = "{Unexpected vertical structure of the Saharan Air Layer and giant dust particles during AER-D}",
      journal = {Atmospheric Chemistry \& Physics},
         year = "2018",
        month = "Dec",
       volume = {18},
       number = {23},
        pages = {17655-17668},
          doi = {10.5194/acp-18-17655-2018},
}

@ARTICLE{BJC2016,
       author = {{Belanger}, J.~I. and {Jelinek}, M.~T. and {Curry}, J.~A.},
        title = "{A climatology of easterly waves in the tropical Western Hemisphere}",
      journal = {Geoscience Data Journal},
         year = "2016",
        month = "Nov",
       volume = {3},
       number = {2},
        pages = {40-49},
          doi = {10.1002/gdj3.40},
}

@ARTICLE{RKBA2018,
       author = {{Rushley}, S.~S. and {Kim}, D. and {Bretherton}, C.~S. and {Ahn}, M. -S.},
        title = "{Reexamining the Nonlinear Moisture-Precipitation Relationship Over the Tropical Oceans}",
      journal = {\grl},
     keywords = {moisture-precipitation relationship, CMIP5 model evaluation},
         year = "2018",
        month = "Jan",
       volume = {45},
       number = {2},
        pages = {1133-1140},
          doi = {10.1002/2017GL076296},
}

@ARTICLE{BPB2004,
       author = {{Bretherton}, Christopher S. and {Peters}, Matthew E. and
         {Back}, Larissa E.},
        title = "{Relationships between Water Vapor Path and Precipitation over the Tropical Oceans.}",
      journal = {Journal of Climate},
         year = "2004",
        month = "Apr",
       volume = {17},
       number = {7},
        pages = {1517-1528},
          doi = {10.1175/1520-0442(2004)017<1517:RBWVPA>2.0.CO;2},
       adsurl = {https://ui.adsabs.harvard.edu/abs/2004JCli...17.1517B},
      adsnote = {Provided by the SAO/NASA Astrophysics Data System}
}


@article			{hannah2017reduced,
  title=			{Reduced African Easterly Wave Activity with Quadrupled CO2 in the Superparameterized CESM},
  author=			{Hannah, Walter M and Aiyyer, Anantha},
  journal=			JCLI,
  volume=			{30},
  number=			{20},
  pages=			{8253--8274},
  year=				{2017}
}

@ARTICLE{WCD2006,
       author = {{Wong}, Sun and {Colarco}, Peter R. and {Dessler}, Andrew E.},
        title = "{Principal component analysis of the evolution of the Saharan air layer and dust transport: Comparisons between a model simulation and MODIS and AIRS retrievals}",
      journal = {Journal of Geophysical Research (Atmospheres)},
     keywords = {Atmospheric Composition and Structure: Troposphere: constituent transport and chemistry, Atmospheric Composition and Structure: Pressure, density, and temperature, Biogeosciences: Climate dynamics (1620), Biogeosciences: Remote sensing, Saharan air layer, intercontinental dust transport, principal component analysis},
         year = "2006",
        month = "Oct",
       volume = {111},
       number = {D20},
          eid = {D20109},
        pages = {D20109},
          doi = {10.1029/2006JD007093},
       adsurl = {https://ui.adsabs.harvard.edu/abs/2006JGRD..11120109W},
      adsnote = {Provided by the SAO/NASA Astrophysics Data System}
}


@article			{bryan2003resolution,
  title=			{{Resolution requirements for the simulation of deep moist convection}},
  author=			{Bryan, George H and Wyngaard, John C and Fritsch, J Michael},
  journal=			MWR,
  volume=			{131},
  number=			{10},
  pages=			{2394--2416},
  year=				{2003}
}


@article			{weisman1997resolution,
  title=			{The resolution dependence of explicitly modeled convective systems},
  author=			{Weisman, Morris L and Skamarock, William C and Klemp, Joseph B},
  journal=			MWR,
  volume=			{125},
  number=			{4},
  pages=			{527--548},
  year=				{1997}
}

@INBOOK{E2018,
       author = {{Emanuel}, Kerry},
        title = "{100 Years of Progress in Tropical Cyclone Research}",
    booktitle = {Meteorological Monographs, vol. 59, pp. 15.1-15.68},
         year = "2018",
       volume = {59},
        pages = {15.1-15.68},
          doi = {10.1175/AMSMONOGRAPHS-D-18-0016.1}
}

@ARTICLE{BCSEH2019a,
       author = {{Bieli}, Melanie and {Camargo}, Suzana J. and {Sobel}, Adam H. and
         {Evans}, Jenni L. and {Hall}, Timothy},
        title = "{A Global Climatology of Extratropical Transition. Part I: Characteristics across Basins}",
      journal = {Journal of Climate},
         year = "2019",
        month = "Jun",
       volume = {32},
       number = {12},
        pages = {3557-3582},
          doi = {10.1175/JCLI-D-17-0518.1},
}

@ARTICLE{BCSEH2019b,
       author = {{Bieli}, Melanie and {Camargo}, Suzana J. and {Sobel}, Adam H. and
         {Evans}, Jenni L. and {Hall}, Timothy},
        title = "{A Global Climatology of Extratropical Transition. Part II: Statistical Performance of the Cyclone Phase Space}",
      journal = {Journal of Climate},
         year = "2019",
        month = "Jun",
       volume = {32},
       number = {12},
        pages = {3583-3597},
          doi = {10.1175/JCLI-D-18-0052.1},
}


 
  @ARTICLE{HE2001,
       author = {{Hart}, Robert E. and {Evans}, Jenni L.},
        title = "{A Climatology of the Extratropical Transition of Atlantic Tropical Cyclones.}",
      journal = {Journal of Climate},
         year = "2001",
        month = "Feb",
       volume = {14},
       number = {4},
        pages = {546-564},
          doi = {10.1175/1520-0442(2001)014<0546:ACOTET>2.0.CO;2},
}


@ARTICLE{HE2000
       author = {{Harr}, Patrick A. and {Elsberry}, Russell L.},
        title = "{Extratropical Transition of Tropical Cyclones over the Western North Pacific. Part I: Evolution of Structural Characteristics during the Transition Process}",
      journal = {Monthly Weather Review},
         year = "2000",
        month = "May",
       volume = {128},
       number = {8},
        pages = {2613},
          doi = {10.1175/1520-0493(2000)128<2613:ETOTCO>2.0.CO;2},
}


@ARTICLE{HEH2000,
       author = {{Harr}, Patrick A. and {Elsberry}, Russell L. and {Hogan}, Timothy F.},
        title = "{Extratropical Transition of Tropical Cyclones over the Western North Pacific. Part II: The Impact of Midlatitude Circulation Characteristics}",
      journal = {Monthly Weather Review},
         year = "2000",
        month = "May",
       volume = {128},
       number = {8},
        pages = {2634},
          doi = {10.1175/1520-0493(2000)128<2634:ETOTCO>2.0.CO;2},
}


@ARTICLE{KHE2000,
       author = {{Klein}, Peter M. and {Harr}, Patrick A. and {Elsberry}, Russell L.},
        title = "{Extratropical Transition of Western North Pacific Tropical Cyclones: An Overview and Conceptual Model of the Transformation Stage}",
      journal = {Weather and Forecasting},
         year = "2000",
        month = "Aug",
       volume = {15},
       number = {4},
        pages = {373-396},
          doi = {10.1175/1520-0434(2000)015<0373:ETOWNP>2.0.CO;2},
}

@ARTICLE{J2003,
       author = {{Jones}, Sarah C. and {Harr}, Patrick A. and {Abraham}, Jim and
         {Bosart}, Lance F. and {Bowyer}, Peter J. and {Evans}, Jenni L. and
         {Hanley}, Deborah E. and {Hanstrum}, Barry N. and {Hart}, Robert E. and
         {Lalaurette}, Fran{\c{c}}ois and {Sinclair}, Mark R. and
         {Smith}, Roger K. and {Thorncroft}, Chris},
        title = "{The Extratropical Transition of Tropical Cyclones: Forecast Challenges, Current Understanding, and Future Directions}",
      journal = {Weather and Forecasting},
         year = "2003",
        month = "Jan",
       volume = {18},
       number = {6},
        pages = {1052-1092},
          doi = {10.1175/1520-0434(2003)018<1052:TETOTC>2.0.CO;2},
}


@ARTICLE{MGY2003,
       author = {{McTaggart-Cowan}, R. and {Gyakum}, J.~R. and {Yau}, M.~K.},
        title = "{The Influence of the Downstream State on Extratropical Transition: Hurricane Earl (1998) Case Study}",
      journal = {Monthly Weather Review},
         year = "2003",
        month = "Jan",
       volume = {131},
       number = {8},
        pages = {1910},
          doi = {10.1175//2589.1},
       adsurl = {https://ui.adsabs.harvard.edu/abs/2003MWRv..131.1910M},
      adsnote = {Provided by the SAO/NASA Astrophysics Data System}
}

@ARTICLE{MGY2001,
       author = {{McTaggart-Cowan}, R. and {Gyakum}, J.~R. and {Yau}, M.~K.},
        title = "{Sensitivity Testing of Extratropical Transitions Using Potential Vorticity Inversions to Modify Initial Conditions: Hurricane Earl Case Study}",
      journal = {Monthly Weather Review},
         year = "2001",
        month = "Jan",
       volume = {129},
       number = {7},
        pages = {1617},
          doi = {10.1175/1520-0493(2001)129<1617:STOETU>2.0.CO;2},
}


@ARTICLE{C2017,
       author = {{Evans}, Clark and {Wood}, Kimberly M. and {Aberson}, Sim D. and
         {Archambault}, Heather M. and {Milrad}, Shawn M. and
         {Bosart}, Lance F. and {Corbosiero}, Kristen L. and
         {Davis}, Christopher A. and {Dias Pinto}, Jo{\~a}o R. and
         {Doyle}, James and {Fogarty}, Chris and {Galarneau}, Thomas J., Jr. and
         {Grams}, Christian M. and {Griffin}, Kyle S. and {Gyakum}, John and
         {Hart}, Robert E. and {Kitabatake}, Naoko and {Lentink}, Hilke S. and
         {McTaggart-Cowan}, Ron and {Perrie}, William and
         {Quinting}, Julian F.~D. and {Reynolds}, Carolyn A. and
         {Riemer}, Michael and {Ritchie}, Elizabeth A. and {Sun}, Yujuan and
         {Zhang}, Fuqing},
        title = "{The Extratropical Transition of Tropical Cyclones. Part I: Cyclone Evolution and Direct Impacts}",
      journal = {Monthly Weather Review},
         year = "2017",
        month = "Nov",
       volume = {145},
       number = {11},
        pages = {4317-4344},
          doi = {10.1175/MWR-D-17-0027.1},
}

@ARTICLE{RJD2008,
       author = {{Riemer}, Michael and {Jones}, Sarah C. and {Davis}, Christopher A.},
        title = "{The impact of extratropical transition on the downstream flow: An idealized modelling study with a straight jet}",
      journal = {Quarterly Journal of the Royal Meteorological Society},
         year = "2008",
        month = "Jan",
       volume = {134},
       number = {630},
        pages = {69-91},
          doi = {10.1002/qj.189},
}

@ARTICLE{RJ2014,
       author = {{Riemer}, Michael and {Jones}, Sarah C.},
        title = "{Interaction of a tropical cyclone with a high-amplitude, midlatitude wave pattern: Waviness analysis, trough deformation and track bifurcation}",
      journal = {Quarterly Journal of the Royal Meteorological Society},
         year = "2014",
        month = "Apr",
       volume = {140},
       number = {681},
        pages = {1362-1376},
          doi = {10.1002/qj.2221},
}

@ARTICLE{K2019,
       author = {{Keller}, Julia H. and {Grams}, Christian M. and {Riemer}, Michael and
         {Archambault}, Heather M. and {Bosart}, Lance and {Doyle}, James D. and
         {Evans}, Jenni L. and {Galarneau}, Thomas J., Jr. and {Griffin}, Kyle and
         {Harr}, Patrick A. and {Kitabatake}, Naoko and {McTaggart-Cowan}, Ron and
         {Pantillon}, Florian and {Quinting}, Julian F. and
         {Reynolds}, Carolyn A. and {Ritchie}, Elizabeth A. and {Torn}, Ryan D. and
         {Zhang}, Fuqing},
        title = "{The Extratropical Transition of Tropical Cyclones. Part II: Interaction with the Midlatitude Flow, Downstream Impacts, and Implications for Predictability}",
      journal = {Monthly Weather Review},
         year = "2019",
        month = "Apr",
       volume = {147},
       number = {4},
        pages = {1077-1106},
          doi = {10.1175/MWR-D-17-0329.1},
}

@ARTICLE{Avila_lixion_1991,
       author = {{Avila}, Lixion A.},
        title = "{Eastern North Pacific Hurricane Season of 1990}",
      journal = {Monthly Weather Review},
         year = 1991,
        month = jan,
       volume = {119},
       number = {8},
        pages = {2034},
          doi = {10.1175/1520-0493(1991)119<2034:ENPHSO>2.0.CO;2},
}

@ARTICLE{Blake_Kimberlain_2013,
       author = {{Blake}, Eric S. and {Kimberlain}, Todd B.},
        title = "{Eastern North Pacific Hurricane Season of 2011}",
      journal = {Monthly Weather Review},
         year = 2013,
        month = may,
       volume = {141},
       number = {5},
        pages = {1397-1412},
          doi = {10.1175/MWR-D-12-00192.1},
}



@ARTICLE{YMK2017,
       author = {{Yang}, Qiu and {Majda}, Andrew J. and {Khouider}, Boualem},
        title = "{ITCZ Breakdown and Its Upscale Impact on the Planetary-Scale Circulation over the Eastern Pacific}",
      journal = {Journal of Atmospheric Sciences},
         year = 2017,
        month = dec,
       volume = {74},
       number = {12},
        pages = {4023-4045},
          doi = {10.1175/JAS-D-17-0021.1},
}

@article{Orlanski1993,
author = {Orlanski, Isidoro and Chang, Edmund K. M.},
journal = {Journal of the Atmospheric Sciences},
number = {2},
pages = {212--225},
title = {{Ageostrophic Geopotential Fluxes in Downstream and Upstream Development of Baroclinic Waves}},
volume = {50},
year = {1993}
}

@ARTICLE{RM2014,
       author = {{Rydbeck}, Adam V. and {Maloney}, Eric D.},
        title = "{Energetics of East Pacific Easterly Waves during Intraseasonal Events}",
      journal = {Journal of Climate},
         year = 2014,
        month = oct,
       volume = {27},
       number = {20},
        pages = {7603-7621},
          doi = {10.1175/JCLI-D-14-00211.1},
}

@ARTICLE{Albignat_Reed1980,
       author = {{Albignat}, Jean Pierre and {Reed}, Richard J.},
        title = "{The Origin of African Wave Disturbances during Phase III of GATE}",
      journal = {Monthly Weather Review},
         year = 1980,
        month = nov,
       volume = {108},
       number = {11},
        pages = {1827-1839},
          doi = {10.1175/1520-0493(1980)108&lt1827:TOOAWD&gt2.0.CO2},
}


@ARTICLE{Skinner2013,
       author = {{Skinner}, Christopher B. and {Diffenbaugh}, Noah S.},
        title = "{The contribution of African easterly waves to monsoon precipitation in the CMIP3 ensemble}",
      journal = {Journal of Geophysical Research (Atmospheres)},
     keywords = {African easterly waves, CMIP3, precipitation, model evaluation},
         year = 2013,
        month = may,
       volume = {118},
       number = {9},
        pages = {3590-3609},
          doi = {10.1002/jgrd.50363},
       adsurl = {https://ui.adsabs.harvard.edu/abs/2013JGRD..118.3590S},
      adsnote = {Provided by the SAO/NASA Astrophysics Data System}
}

@ARTICLE{Hannah2017,
       author = {{Hannah}, Walter M. and {Aiyyer}, Anantha},
        title = "{Reduced African Easterly Wave Activity with Quadrupled CO2 in the Superparameterized CESM}",
      journal = {Journal of Climate},
         year = 2017,
        month = oct,
       volume = {30},
       number = {20},
        pages = {8253-8274},
          doi = {10.1175/JCLI-D-16-0822.1},
}



@article            {poan2014,
  title=            {{Internal processes within the African Easterly Wave system}},
  author=           {Poan, D Emmanuel and Lafore, Jean-Philippe and Roehrig, Romain and Couvreux, Fleur},
  journal=          QJRMS,
  year=             {2014},
  publisher=        {Wiley Online Library},
  doi=              {10.1002/qj.2420}
}

@article			{tomassini2017,
  title=			{{The interaction between moist diabatic processes and the atmospheric circulation in African Easterly Wave propagation}},
  author=			{Tomassini, Lorenzo and Parker, Douglas J and Stirling, Alison and Bain, Caroline and Senior, Catherine and Milton, Sean},
  journal=			QJRMS,
  volume=			{143},
  number=			{709},
  pages=			{3207--3227},
  year=				{2017},
  publisher=		{Wiley Online Library},
  doi=              {10.1175/JAS-D-18-0183.1}
}

@ARTICLE{KnappIBTRaCS,
       author = {{Knapp}, Kenneth R. and {Kruk}, Michael C. and {Levinson}, David H. and
         {Diamond}, Howard J. and {Neumann}, Charles J.},
        title = "{The International Best Track Archive for Climate Stewardship (IBTrACS)}",
      journal = {Bulletin of the American Meteorological Society},
         year = 2010,
        month = mar,
       volume = {91},
       number = {3},
        pages = {363-376},
          doi = {10.1175/2009BAMS2755.1},
       adsurl = {https://ui.adsabs.harvard.edu/abs/2010BAMS...91..363K},
      adsnote = {Provided by the SAO/NASA Astrophysics Data System}
}

